3050 4932
848 506 887 566 22

390 681 495 766 ἕριος
517 680 700 748 ἐνέπεσε
723 695 795 759 ταῖς
817 688 921 747 πᾶσιν
943 717 984 726 -
1007 677 1190 745 ἐκπλεῦσαι
1213 679 1268 762 VI,
1293 683 1343 760 24,
1367 682 1397 742 2.

388 779 526 867 χρῄζω
550 779 724 863 διαβαλεῖν
747 781 805 859 ΙΠ,
832 782 902 860 109,
926 781 954 844 3.

390 875 502 942 σάἀενὶ
538 876 654 964 τρόπῳ
692 877 725 944 οἱ
762 876 827 964 ἔφη
866 871 1066 959 ἀρέσκειν
1101 873 1136 940 ἔν
1168 881 1214 960 τῷ
1248 871 1428 960 αὐτῷ’ἕτι

305 981 419 1058 μένειν
442 976 513 1054 VII,
537 979 586 1057 49,
612 980 640 1040 3.

389 1073 456 1138 Sub
478 1073 563 1139 idem
585 1094 687 1156 genus
702 1073 820 1140 eadunt
835 1073 897 1138 duo
913 1071 1021 1151 verba,
1044 1089 1127 1152 quae
1141 1069 1286 1154 primitus
1298 1069 1428 1152 quidem

307 1177 381 1236 sunt
402 1171 502 1236 verba
523 1172 676 1254 putandi,
705 1170 861 1256 paulatim
883 1166 967 1252 vero}
988 1169 1107 1233 amissa
1134 1165 1195 1232 hae
1221 1167 1254 1230 vi
1283 1169 1428 1233 velunta-

305 1269 374 1333 tiva
397 1275 470 1344 sunt
492 1269 592 1350 saota3
617 1265 730 1348 ἀξιοῦν
754 1276 785 1334 et
802 1267 960 1332 δικαιοῦν.
989 1268 1040 1332 De
1063 1261 1177 1344 ἀξιοῦν
1193 1263 1325 1330 afferam
1341 1267 1428 1348 quod

306 1367 439 1450 protulit
472 1365 684 1430 Buttmannus
716 1366 750 1430 in
783 1365 923 1430 editione
951 1363 1114 1428 Midianae
1146 1366 1233 1444 (pag.
1266 1365 1324 1428 165
1339 1361 1429 1446 .sq.):

306 1463 433 1546 „Hujus
454 1463 561 1544 verbi,
585 1463 704 1544 inquit,
728 1461 976 1546 significationes
998 1468 1063 1524 tam
1085 1459 1208 1540 miram,
1231 1461 1265 1522 in
1288 1460 1429 1542 quadam

306 1567 414 1626 tamen
436 1561 570 1642 vicinia,
594 1559 813 1626 diversitatem
835 1560 1006 1642 praebent,
1035 1564 1070 1639 pt
1090 1578 1157 1622 non
1177 1577 1250 1621 raro
1271 1559 1306 1621 in
1329 1578 1367 1623 eo
1390 1559 1432 1624 sit

305 1679 388 1724 ansa
400 1657 570 1722 dubitandi
586 1707 594 1722 .
612 1709 619 1722 .
636 1707 644 1722 .
663 1659 852 1723 Tenendum
868 1662 926 1739 est,
948 1656 977 1721 ei
995 1654 1217 1738 significationi
1236 1675 1318 1737 quae
1333 1657 1431 1740 hujus

306 1756 396 1822 verbi
420 1774 460 1820 ex
482 1761 590 1839 etymo
612 1756 741 1839 propria
763 1764 826 1837 est,
856 1755 988 1838 dignum
1006 1754 1167 1836 judicare,
1191 1755 1316 1834 quoties
1339 1755 1431 1818 aliud

303 1852 381 1919 inde
401 1854 534 1918 verbum
554 1854 589 1918 in
610 1853 767 1919 infinitivo
793 1852 923 1936 pendet,
948 1853 1055 1916 statim
1073 1851 1242 1916 admisceri
1262 1852 1428 1918 notionem

306 1951 497 2016 voluntatis:
527 1970 609 2033 quae
632 1971 703 2016 oum
719 1952 834 2034 partim
857 1951 901 2014 ad
922 1950 1056 2028 alienas,
1080 1948 1194 2031 partim
1218 1948 1431 2033 adproprias

305 2048 447 2112 actiones
470 2054 608 2129 speotet,
642 2053 816 2112 naseuntur
837 2046 914 2112 inde
938 2045 1021 2112 duae
1043 2045 1291 2128 significationes
1313 2047 1431 2129 prinoi-

301 2145 409 2228 'pales
433 2144 536 2210 altera
557 2145 752 2228 postulandi,
776 2147 880 2210 altera
901 2164 936 2210 se
958 2145 1063 2227 ipsum
1078 2143 1287 2226 praebendi.“
1323 2147 1431 2228 Atque

305 2243 458 2326 primaria
479 2243 538 2306 illa
559 2243 617 2324 vis,
635 2261 717 2325 qnae
733 2242 775 2307 ad
791 2250 930 2328 etymum
946 2241 1090 2326 proxime
1100 2240 1237 2323 aceedit,
1256 2241 1327 2324 jam
1342 2243 1431 2326 viget

306 2341 339 2405 in
368 2341 425 2404 illo
455 2337 688 2425 ἀμαθέστεροι
717 2343 782 2405 τῶν
813 2338 923 2422 νόμιον
947 2338 1099 2420 ἀξιοῦσιν
1124 2334 1210 2404 εἶναι
1233 2340 1345 2416 (Thoe.
1368 2341 1429 2422 ΙΙΙ,

307 2441 356 2518 37,
382 2436 414 2520 5)
439 2442 471 2502 et
492 2438 526 2521 in
548 2439 598 2504 his
614 2459 739 2522 queque
752 2440 841 2519 loeis,
864 2439 919 2502 ubi
934 2437 1037 2519 magis
1053 2457 1111 2520 per
1126 2435 1311 2519 εἰρωνείαν,
1335 2458 1430 2520 quam

307 2535 422 2600 Graeci
443 2543 569 2617 vooant,
592 2537 773 2617 adhibetur,
796 2538 842 2600 ita
862 2542 898 2599 ut
920 2535 1005 2600 idem
1020 2535 1128 2598 valeat
1149 2553 1188 2598 ao
1202 2541 1346 2600 nostrum
1362 2537 1430 2600 sioh

306 2631 578 2714 herausnehmen,
612 2633 748 2697 latinum
778 2631 911 2696 audere:
950 2631 974 2712 I,
1002 2635 1076 2710 132,
1112 2635 1130 2692 2
1160 2627 1189 2707 (ὁ
1218 2635 1429 2710 Παυσανίας)

309 2725 453 2815 ήξίιοσεν
482 2727 749 2813 ἀντιγράψασθαι
779 2726 879 2805 αὐτὸς
909 2725 1040 2814 ἰάίμτὸ
1064 2727 1211 2812 ἐλεγεῖον
1234 2728 1324 2795 τόδε.
1370 2731 1429 2808 ΙΙΙ,

308 2830 357 2908 39,
389 2830 407 2891 3
438 2823 531 2905 ἰσχὺν
555 2820 759 2906 ἀξιώσαντες
792 2833 852 2890 τοῦ
882 2825 1013 2890 δικαίου
1043 2832 1239 2910 προθεῖναι.
1276 2828 1301 2908 I,
1326 2832 1376 2909 42,
1401 2832 1430 2892 2.

307 2926 348 3005 ΙΙ,
378 2927 427 3000 42,
459 2927 488 2987 3.
518 2923 571 3005 IV,
597 2928 666 3006 122,
698 2928 727 2990 3.
758 2929 808 3006 65,
839 2929 867 2987 4.
898 2923 968 3005 VII,
994 2927 1043 3004 63,
1069 2928 1097 2989 3.
1142 2924 1215 2989 Jam
1238 2925 1321 2989 inest
1342 2927 1431 2990 notio

307 3021 484 3086 voluntatis
505 3020 540 3084 in
562 3019 718 3102 ejusmodi
741 3022 923 3088 sententiis:
948 3019 1076 3108 ἠξίωσα
1092 3019 1236 3108 γράφειν
1260 3020 1299 3105 (Ι,
1318 3026 1368 3105 22,
1387 3022 1431 3109 2),

308 3120 346 3185 oi.
381 3120 439 3200 ΙΙΙ,
464 3122 514 3200 55,
542 3123 567 3182 1.
606 3119 678 3195 VII,
702 3125 730 3202 5,
756 3125 790 3203 4;
828 3139 958 3202 prorsus
989 3118 1127 3202 denique
1159 3119 1246 3186 idem
1275 3122 1432 3204 estquod

307 3218 472 3304 βούλομαι
494 3219 520 3300 Ι,
545 3221 593 3294 74,
611 3220 648 3280 2;
672 3213 893 3301 ἠξιώσαμεν.
917 3266 924 3280 .
949 3267 956 3280 .
979 3215 1062 3303 μηδ’
1088 3213 1133 3294 ὡς
1148 3218 1330 3300 προλιπεῖν
1345 3219 1431 3305 μηδὲ

309 3321 540 3402 -γενέσθαι,
576 3316 601 3392 Ι,
628 3318 697 3391 122,
721 3319 749 3378 4.
788 3318 857 3396 132,
882 3320 910 3378 5.
941 3315 983 3395 ΙΙ,
1010 3319 1058 3390 11,
1083 3320 1101 3378 5
1126 3313 1212 3397 (ter).
1245 3319 1294 3380 43.
1326 3321 1376 3398 53,
1405 3325 1430 3381 1.

310 3419 359 3498 64,
385 3420 413 3478 4.
443 3415 503 3496 ΙΙΙ,
528 3417 578 3494 38,
602 3416 631 3477 2.
662 3416 712 3492 40,
733 3417 764 3492 ι4.
795 3417 844 3493 46,
869 3417 898 3477 3.
928 3417 1031 3494 64,1.
1061 3415 1111 3494 83,
1136 3417 1164 3476 4.
1195 3417 1244 3495 87,
1271 3420 1298 3476 1.
1330 3416 1380 3492 98,
1404 3419 1432 3478 5.

310 3511 347 3591 V,
371 3515 422 3594 26,
447 3515 476 3574 2.
507 3511 560 3592 VI,
587 3516 634 3591 16,
659 3513 688 3574 3.
712 3511 761 3589 86,
789 3515 815 3572 1,
840 3513 889 3591 87,
917 3515 943 3573 1.
978 3509 1050 3590 VII,
1075 3513 1124 3591 56,
1149 3513 1177 3574 3.
1202 3513 1251 3592 63,
1278 3515 1321 3573 1..
1340 3511 1429 3593 VIII,

311 3611 360 3688 83,
386 3614 404 3672 4
427 3615 459 3673 et
481 3608 530 3672 bis
554 3604 612 3671 οὖν.
637 3603 757 3687 ἀξιόιο;
780 3607 806 3686 Ι,
833 3611 902 3688 162,
926 3611 944 3672 3
969 3615 1000 3672 et
1015 3607 1074 3688 ΙΙΙ,
1100 3611 1149 3688 61,
1174 3611 1202 3671 2.
1234 3609 1284 3672 De
1299 3609 1432 3690 petendi

310 3711 342 3770 et
378 3703 563 3787 postulandi
600 3702 831 3786 significatione
864 3705 1007 3786 ejusdem
1041 3704 1131 3769 verbi
1164 3704 1247 3770 inira
1280 3705 1432 3772 dicemus.

310 3801 460 3868 Δικαιόιο
488 3823 559 3868 oum
588 3801 744 3868 infinitivo
772 3803 953 3885 praesentis
975 3803 1179 3885 conjunctum
1201 3809 1249 3867 est
1271 3803 1313 3884 II,
1338 3807 1389 3886 67,
1415 3811 1432 3868 4

311 3907 343 3966 et
365 3901 408 3984 ΙΙ,
432 3903 482 3981 61,
507 3904 525 3966 3
550 3898 635 3984 (bis),
660 3920 730 3964 oum
750 3899 861 3966 aoristi
881 3899 1038 3964 infinitivo
1061 3900 1102 3980 ΙΙ,
1128 3904 1177 3981 41,
1203 3905 1231 3964 2.
1319 3909 1320 3912 ’
