3050 4932
724 441 883 502 ’10

307 619 486 703 significare
507 622 691 705 perfectam,
715 637 733 685 e
755 639 817 701 qua
831 627 940 686 manet
955 619 1099 686 condicio
1114 620 1224 702 aliqua
1241 619 1434 686 etiamnunc
1504 619 1505 622 ’

305 719 491 784 continuata
512 726 544 785 et
566 718 698 786 durans:
736 715 860 804 ἕστηκα
883 718 1011 784 constiti
1031 718 1167 802 ideoque
1189 722 1255 796 sto,
1278 717 1434 800 τέθνηκε

306 823 439 882 mortem
472 817 566 898 obiit,
596 837 682 882 nunc
713 823 854 882 mortuus
882 823 945 897 est,
980 810 1058 880 olda
1086 816 1153 880 vidi
1183 823 1215 880 et
1242 814 1328 880 novi.
1374 813 1434 880 Sic

307 914 534 996 Buttmanuus,
565 915 735 996 Matthiae,
757 916 901 995 Rostius,
925 912 1065 994 Curtius,
1089 912 1285 995 Madvigium
1315 931 1434 978 omnes

305 1030 380 1080 vere
408 1013 622 1098 grammatici3
646 1013 795 1096 quivero
818 1013 940 1095 speruit
961 1013 1045 1078 hanc
1067 1010 1300 1091 definitionem,
1324 1010 1433 1076 Krue·

305 1129 408 1192 gerus,
431 1110 538 1197 coristi
562 1118 594 1176 et
615 1111 746 1194 perfecti
770 1131 861 1176 usum
883 1109 1049 1175 confundit
1065 1107 1117 1194 (ci.
1135 1109 1261 1176 (iriech.
1278 1108 1430 1190 Sprachl.

307 1208 399 1287 §eq
426 1204 488 1292 10).
532 1209 570 1273 In
599 1208 730 1292 perlecti
756 1208 891 1272 formam
914 1214 946 1273 et
966 1214 1091 1288 notam,
1120 1227 1214 1290 quam
1237 1203 1432 1270 ἀναδιπλα-

307 1303 450 1387 σιασμὸν
478 1306 676 1388 grammatici
704 1306 812 1388 graeci
834 1312 959 1386 vocant,
983 1305 1155 1387 diligenter
1175 1305 1337 1388 inquirere
1360 1324 1431 1368 non

310 1409 358 1469 est
385 1401 480 1486 hujus
503 1403 743 1488 disputationis:
773 1423 847 1468 nam
876 1423 946 1468 cum
969 1401 1030 1468 hoc
1051 1403 1250 1486 potissimum
1272 1408 1430 1486 spectem,

306 1506 341 1565 ut
362 1521 454 1567 usum
476 1500 622 1566 infinitivi
646 1501 820 1584 explicem,
844 1501 922 1568 satis
943 1499 1046 1579 habeo
1069 1520 1333 1577 commemorare,
1357 1521 1431 1584 per-

304 1597 378 1664 fecti
405 1599 595 1664 infinitivum
617 1619 682 1664 non
704 1599 847 1664 indicare
868 1617 935 1664 rem
957 1597 1185 1680 antefactum,
1219 1599 1277 1664 scd
1306 1601 1428 1665 statum

304 1697 443 1778 aliquem
472 1716 509 1762 eo
537 1703 680 1780 tempore
709 1695 749 1762 de
772 1716 834 1778 quo
856 1697 960 1778 agitur
982 1695 1173 1779 perfectum,
1202 1696 1248 1761 ita
1269 1703 1304 1760 ut
1324 1712 1430 1779 prope

306 1793 440 1859 accedat
466 1794 509 1858 ad
540 1793 731 1860 infinitivum
759 1795 953 1877 praesentis:
989 1793 1027 1858 of.
1057 1789 1189 1874 ἀξιοῦσι
1218 1798 1429 1880 γεγενῆσθαι

308 1887 441 1977 ἄριστοι
465 1891 578 1975 (Thuc.
602 1892 657 1972 IV,
682 1894 732 1973 90,
758 1889 791 1976 2)
815 1898 847 1956 el
869 1885 1061 1972 ἀξιούμενοι
1083 1889 1313 1973 μαχιμώτατοι
1337 1887 1428 1958 εἶναι

309 1989 362 2067 (ΙΙ,
381 1992 430 2068 81,
449 1993 490 2065 3.)
528 1989 634 2067 Quare
655 1989 689 2054 in
704 1989 860 2072 exemplis
876 1989 1066 2070 colligendis
1081 1995 1226 2072 tempora
1241 1991 1428 2072 praesentia

305 2094 337 2152 et
358 2087 499 2170 perlecta
527 2087 705 2170 promiscue
737 2087 920 2152 enumeravi
943 2092 975 2153 et
996 2086 1098 2151 torma
1120 2088 1191 2152 sola
1213 2087 1356 2169 distinxi,
1380 2091 1427 2156 ita

305 2192 338 2250 ut
354 2183 481 2250 εἰδέναι
498 2183 550 2268 (V,
574 2189 624 2266 21,
642 2188 673 2259 2)
689 2185 863 2268 perfectum
880 2203 950 2258 esse
965 2190 1146 2250 statuerem.

389 2283 541 2348 Futurum
575 2303 592 2349 e
615 2283 844 2366 compositione
873 2281 1016 2346 radicum
1044 2303 1079 2344 os
1106 2281 1203 2368 (esse)
1235 2289 1267 2349 et
1287 2283 1329 2366 ja
1352 2283 1426 2368 (ire)

203 2411 207 2428 ¹
306 2388 409 2447 ortum
438 2401 509 2446 esse
534 2381 800 2447 verisimillimum
823 2385 872 2447 est
896 2378 948 2464 (cl.
974 2380 1167 2462 Schleicher,
1193 2381 1425 2464 (iompeudium

305 2479 477 2544 edtertiae
492 2480 591 2556 §aaa
610 2478 743 2561 Curtius,
759 2481 1016 2560 Eriduterungen
1033 2478 1082 2543 ed.
1099 2479 1259 2546 secundae
1270 2501 1344 2564 pag.
1353 2483 1423 2566 99);

304 2577 442 2641 maxime
456 2581 563 2647 autem
580 2577 767 2656 cavendum,
791 2596 833 2641 ne
848 2576 908 2640 hoc
922 2582 1048 2658 tempus
1064 2595 1082 2640 e
1096 2575 1299 2658 conjunctivo
1314 2579 1425 2645 acrisii

304 2693 453 2740 manasse
467 2679 624 2756 putemus.
654 2674 735 2738 Sunt
752 2675 836 2738 enim
851 2679 1049 2756 argumenta,
1066 2693 1148 2755 quae
1162 2695 1221 2740 nos
1236 2676 1422 2759 impediunt,

307 2773 475 2855 quominus
490 2773 572 2836 hane
586 2771 762 2836 Hermanni
778 2767 1004 2854 ἐτυμολογὶαν,
1021 2792 1116 2854 quam
1132 2772 1276 2839 Pluhlius'
1293 2775 1327 2858 (ᾗ
1343 2779 1371 2840 6.
1388 2778 1421 2863 5)

310 2870 389 2936 tueri
412 2875 559 2950 cenatur,
590 2869 775 2952 probemus:
813 2871 949 2952 primum
978 2868 1107 2935 doricae
1129 2869 1224 2934 futuri
1247 2871 1368 2940 formae
1388 2876 1423 2941 in

305 2973 386 3033 -ciro
423 2968 620 3049 desinentaS,
657 2974 692 3032 ut
726 2968 877 3050 πραξίω,
912 2971 1093 3052 βοαθησὶω
1135 2969 1185 3046 (cl.
1220 2970 1346 3037 Ahrens
1382 2973 1422 3039 de

304 3065 381 3130 dial.
414 3065 521 3131 dorica
548 3085 622 3149 pag.
646 3069 736 3147 210),
761 3071 827 3130 tum
850 3085 925 3130 usus
947 3063 1051 3130 futuri.
1096 3067 1178 3132 Nam
1202 3067 1229 3133 si
1252 3087 1269 3133 e
1292 3070 1422 3152 conjun-

302 3165 385 3229 ctivo
401 3165 510 3230 aoristi
526 3164 680 3245 originem
697 3163 847 3242 duxisset,
864 3169 1058 3245 sequeretur,
1074 3169 1109 3228 ut
1124 3185 1250 3249 semper
1264 3167 1420 3234 actionem

302 3269 558 3328 momentaneam
596 3247 768 3346 indicarem
808 3268 841 3326 at
874 3261 915 3326 de
947 3267 1080 3344 utroque
1112 3263 1272 3328 actionum
1304 3285 1421 3348 genere

303 3360 482 3444 promiscue
510 3365 687 3442 usurpatur.
740 3358 860 3437 Quodsi
889 3358 1033 3424 Pluhlius
1067 3379 1084 3424 e
1112 3359 1283 3426 Sorborum
1312 3365 1421 3446 lingua

304 3457 521 3523 demonstrare
554 3456 671 3538 studet,
706 3476 724 3522 e
755 3462 989 3540 momentaneo,
1021 3463 1056 3521 ut
1087 3458 1134 3522 ita
1163 3457 1283 3540 dicam,
1317 3460 1419 3528 tuturo

303 3555 442 3620 evadere
470 3555 608 3619 futurum
636 3554 771 3620 actionis
793 3555 953 3636 durantis,
987 3555 1076 3620 inani
1097 3555 1196 3618 utitur
1217 3566 1417 3643 argument03

305 3672 378 3717 nam
407 3673 472 3716 non
502 3672 543 3717 ex
571 3652 671 3735 ipsius
699 3652 828 3734 linguae
850 3659 964 3718 natura
986 3661 1018 3719 et
1039 3652 1149 3718 indole
1172 3658 1259 3718 ortus
1282 3661 1330 3720 est
1353 3677 1418 3740 per-

304 3769 413 3816 versus
436 3750 487 3814 hio
509 3770 602 3831 usus,
637 3750 694 3816 sed
718 3769 758 3815 ex
779 3750 958 3816 imitatione
979 3752 1108 3832 linguae
1132 3749 1358 3833 Germanicae,
1385 3755 1418 3820 iu

273 3869 275 3879 ¹
304 3867 367 3931 qua
408 3846 546 3912 futurum
583 3848 763 3931 promiscue
799 3868 856 3930 pro
893 3856 1025 3930 utroque
1061 3846 1196 3912 actionis
1233 3867 1351 3930 genere
1385 3852 1416 3917 in

302 3957 364 4011 usu·
383 3950 440 4010 est.
1321 3982 1322 3986 =

387 4042 539 4107 Futurum
572 4043 656 4109 inter
689 4063 799 4110 omnes
832 4050 957 4110 constat
988 4043 1131 4112 indicare
1162 4064 1228 4112 rem
1261 4063 1343 4126 quae
1371 4053 1415 4112 est
