3028 4928
855 471 895 532 66

396 649 548 716 Similiter·
569 649 627 729 ΙΙΙ,
650 649 701 728 95,
727 651 740 710 i
767 643 905 713 ἐδόκουν
929 665 999 712 oum
1022 609 1133 729 futuri,
1157 667 1222 711 non
1244 665 1314 711 oum
1338 667 1426 730 prae·

311 748 410 814 sentis
431 745 587 812 infinitivo
610 743 867 828 conjungendum
891 750 953 810 est:
990 757 1107 827 nempe
1136 743 1177 810 de
1206 745 1426 828 praesentibus

311 938 333 1030 ἢ
355 937 415 1007 κόν
437 947 497 1028 βίᾳ
519 945 755 1024 ττροςοιχθῆναι
777 941 818 1005 ab
841 938 954 1005 eudem
977 935 1117 1004 ἐδόκουν
1143 939 1273 1024 pendet.
1316 941 1425 1024 Itaque

311 1037 513 1107 scribendum
536 1043 584 1104 est
608 1035 832 1122 στρατεύσειν,
856 1037 917 1103 nisi
938 1037 1110 1122 praeferas,
1140 1035 1225 1118 quod
1248 1038 1425 1121 Kruegerus

311 1137 434 1218 suadet,
457 1143 530 1219 post
552 1135 667 1221 φιλίαν
689 1134 830 1201 inserere
852 1131 892 1198 όν
914 1135 1115 1218 particulam.

396 1234 567 1300 Floeckius
591 1230 678 1317 (pag.
705 1231 756 1318 16)
780 1235 939 1316 vituperat
953 1233 1149 1312 Beklrerum,
1173 1233 1258 1315 quod
1281 1233 1319 1315 V,
1343 1237 1421 1316 38,1

311 1333 407 1399 futuri
421 1333 554 1396 iormam
570 1326 709 1412 ἀμυνεῖν
724 1331 886 1414 praesenti
908 1329 1150 1414 praeferendam
1174 1331 1349 1414 putaverit3
1372 1331 1423 1397 sed

311 1439 403 1498 oaute
425 1429 671 1514 prudenterque,
694 1436 729 1494 ut
751 1430 846 1507 solet,
874 1429 1052 1509 Belrksrus,
1071 1427 1219 1496 codicum
1242 1429 1423 1494 auctoritate

311 1531 474 1612 neglecta,
508 1526 662 1592 rationem
690 1532 816 1592 secutus
845 1532 902 1592 est.
954 1527 1015 1592 Ille
1044 1525 1189 1608 quidem:
1227 1524 1423 1606 „infinitivus

311 1623 504 1712 praesentis,
527 1623 646 1705 inquit,
669 1622 786 1689 idcirco
809 1621 939 1718 defendi
961 1631 1074 1708 potest,
1098 1624 1173 1706 qnia
1195 1623 1355 1688 actionem
1377 1643 1424 1688 ex·

311 1724 409 1805 hibet,
433 1741 516 1805 quae
531 1721 573 1786 ad
595 1721 629 1785 id
652 1727 787 1804 tempus,
810 1741 871 1804 quo
888 1727 958 1786 erat
975 1721 1211 1806 jusjurandum,
1235 1720 1380 1803 proxime
1393 1739 1424 1786 se

311 1821 461 1906 applicat,
484 1819 635 1901 quoniam
654 1826 697 1884 'ea
719 1839 821 1885 rerum
845 1819 984 1884 conditio
1001 1818 1138 1902 jamjam
1161 1818 1283 1895 aderat,
1311 1818 1424 1900 inqua

311 1917 539 2003 praestandum
562 1921 630 1982 erat
652 1917 822 2000 auxiliumr
849 1921 957 1982 cetera
979 1923 1095 1996 autem,
1121 1935 1202 1998 quae
1217 1915 1313 1980 futuri
1327 1915 1423 1980 infini-

311 2017 368 2081 tivi
391 2014 582 2098 exprimunt,
605 2013 647 2079 ad
670 2014 820 2080 remotius
842 2020 968 2098 tempus
989 2014 1127 2078 futurum
1150 2013 1350 2098 pertinent“:
1373 2011 1425 2080 sed

188 2149 191 2163 s
308 2111 382 2196 'quis
405 2118 453 2178 est
476 2112 551 2194 quin
566 2109 684 2191 videat,
707 2112 767 2177 hoo
782 2117 1003 2194 argumentum
1025 2112 1123 2194 plane
1141 2129 1250 2177 oarerc
1271 2110 1424 2195 probandi

311 2210 370 2276 ri?
414 2209 526 2290 Neque
555 2209 639 2274 enim
668 2207 874 2296 πολεμήσειν
902 2209 945 2274 ad
972 2209 1122 2274 remotius
1144 2216 1271 2292 tempus
1292 2209 1423 2274 futurum

312 2328 406 2390 quam
435 2299 572 2388 ἆμονεῐν
601 2308 755 2390 pertinet,
788 2327 858 2371 cum
886 2315 1020 2390 utraque
1048 2307 1130 2371 actio
1158 2327 1287 2390 prorsus
1316 2307 1424 2372 eiiciat

311 2403 424 2486 unam,
454 2423 558 2485 neque
586 2405 714 2469 omnino
744 2405 911 2488 probanda
940 2411 988 2470 est
1016 2403 1095 2469 haec
1123 2405 1245 2470 minuta
1270 2405 1304 2470 in
1328 2405 1424 2470 futuro

313 2501 555 2568 determinando
577 2503 751 2582 subtilitas,
775 2521 857 2584 quae
877 2521 979 2584 aeque
1000 2523 1020 2566 a
1042 2501 1176 2568 veritate
1198 2509 1295 2585 atque
1317 2524 1338 2568 a
1360 2505 1424 2568 sinr-

312 2599 455 2682 plicitate
483 2597 639 2663 declinat:
676 2599 772 2662 futuri
800 2597 992 2663 infinitivum
1022 2619 1056 2664 se
1078 2599 1120 2664 ad
1143 2619 1181 2665 ea
1203 2621 1330 2684 quoque
1355 2609 1424 2666 tem-

312 2716 392 2780 pora
414 2695 587 2779 applicare,
611 2715 691 2778 quae
707 2695 841 2762 subsunt
862 2696 1023 2779 praesenti
1038 2705 1070 2762 et
1085 2705 1206 2762 tantum
1223 2719 1288 2762 non
1304 2698 1423 2775 adsunt,

313 2793 429 2890 decent
444 2794 601 2876 exempla,
624 2801 659 2874 ut
674 2793 726 2873 Vl,
744 2797 794 2875 24,
811 2797 828 2858 3
846 2791 881 2859 ἒν
897 2799 944 2878 τῷ
959 2791 1102 2876 παρόντι
1119 2793 1235 2860 οἴσειν.
1259 2795 1331 2878 Vll,
1349 2800 1423 2879 38,λ

313 2891 416 2966 αὖθις
438 2887 676 2976 ἐπιχειρήσειν.

398 2987 516 3053 Contra
539 2987 592 3068 Vl,
610 2991 694 3070 88,7
722 2987 812 3052 ’ἐστιν
829 2975 874 3052 ὧν
897 2987 1029 3054 πόλεων
1052 2987 1350 3074 ἐπαγγελλομένων
1373 2992 1422 3056 καὶ

313 3081 420 3150 αὐτῶν
444 3085 668 3166 ξομντολεμεῐν
696 3086 786 3150 nulla
808 3085 1031 3154 emendatione
1058 3087 1198 3171 indiget,
1228 3089 1304 3171 quia
1327 3087 1423 3172 ἔτιον·

312 3183 519 3269 γελλομένιον
541 3183 715 3248 voluntatis
737 3183 858 3266 aliquid
879 3184 991 3250 habet:
1029 3185 1134 3266 „ultro
1163 3205 1220 3270 per
1249 3188 1374 3270 legatos
1393 3205 1423 3252 so

312 3287 476 3366 promptos
504 3299 574 3346 esse
603 3281 831 3348 nuntiaverunt
859 3281 902 3346 ad
931 3282 1015 3370 belli
1038 3284 1221 3350 societatem
1244 3285 1422 3363 ineundam,

313 3381 476 3446 erkldrten
498 3377 566 3443 sich
587 3378 703 3459 bereit,
734 3379 863 3444 erboten
886 3379 953 3444 sich
976 3380 1039 3445 den
1062 3381 1160 3464 Krieg
1188 3383 1423 3450 mitzuitilrren.“

314 3475 393 3542 Cum
416 3477 500 3542 enim
523 3476 728 3560 Thucydides
756 3497 820 3542 non
849 3478 893 3540 ita
921 3478 1019 3542 verba
1042 3479 1219 3560 legatorum
1242 3499 1338 3562 quam
1361 3501 1424 3566 pro-

313 3593 447 3658 pensum
480 3573 643 3638 civitatum
677 3573 815 3638 animum
849 3576 991 3658 respicit,
1031 3577 1207 3660 simplicem
1239 3578 1424 3644 infinitivum

313 3673 410 3736 verbo
433 3671 588 3754 adjungit,
612 3671 703 3754 quasi
717 3669 894 3754 πρόθυμοι
916 3661 1001 3756 ἦσαν
1023 3673 1165 3755 dixisset,
1189 3694 1283 3757 quam
1299 3683 1425 3743 structu·

313 3789 381 3833 ram
404 3770 486 3834 bene
508 3768 588 3833 iliud
611 3764 693 3845 ιόςτε
716 3774 860 3854 βοηθεῖν
884 3790 924 3835 ex
946 3771 1059 3837 eodem
1074 3773 1171 3837 verbo
1194 3780 1304 3856 aptum
1330 3771 1425 3859 (vlu,

315 3869 365 3946 86,
389 3863 422 3950 6)
446 3865 567 3948 probat.
772 3939 775 3944 ,
1193 3951 1195 3958 y

399 3963 468 4028 Hac
489 3963 727 4046 significationis
750 3965 983 4048 permutatione
998 3964 1040 4046 iit,
1063 3973 1098 4030 ut
1112 3961 1340 4049 ὑπισχνοῦμαι
1366 3977 1425 4034 tum

313 4061 419 4146 futuri,
443 4065 508 4126 tum
523 4062 631 4127 coristi
654 4069 685 4128 et
706 4064 881 4145 praesentis
902 4063 1059 4129 infinitivo
1083 4072 1284 4142 annectatur:
1308 4067 1426 4148 quotics
