3050 4932
391 1622 392 1630 ‘
547 1647 765 1730 vius.

615 1822 697 1830 ---.-

181 1919 283 1986 Natus
318 1940 388 1986 sum
422 1919 611 1988 Theodorus
638 1920 833 1987 Forssmann
862 1915 1132 2002 Arohangelopoli
1164 1914 1218 1982 die

92 2037 207 2105 XVIII
251 2039 371 2106 mensis
407 2037 553 2107 Octobris
594 2060 680 2106 anno
724 2039 756 2106 h.
793 2059 818 2105 s.
856 2037 994 2104 XLVIII
1029 2035 1217 2120 parentibus

91 2157 285 2224 Alexandro
308 2157 451 2224 Gustare
479 2165 511 2226 et
533 2158 684 2224 entolina
705 2157 894 2224 Elisabetha
922 2175 941 2222 e
968 2161 1065 2240 gente
1087 2154 1216 2235 Geruet,

92 2295 230 2359 quorum
251 2276 388 2342 alterum
410 2297 489 2360 puer
508 2278 541 2342 X
562 2297 719 2342 annorum
740 2277 845 2344 amisi.
872 2273 965 2340 Fidei
987 2293 1056 2340 sum
1071 2272 1219 2338 addictus

91 2393 315 2477 evangelicae.
352 2393 467 2460 Primis
488 2394 665 2462 litterarum
688 2394 853 2462 elementis
875 2393 1037 2459 institutus
1057 2411 1127 2457 sum
1148 2409 1219 2456 oum

91 2515 129 2579 in
152 2513 264 2580 schola
292 2513 438 2579 coloniae
460 2519 590 2580 nostrae
611 2513 835 2596 Germanicae,
859 2519 925 2578 tum
947 2511 1086 2578 maxime
1107 2531 1128 2575 a
1149 2509 1217 2574 viro

94 2631 218 2716 optime
248 2630 288 2697 de
315 2651 367 2698 me
394 2631 523 2710 merito,
561 2629 595 2698 O.
625 2631 789 2698 Hansenio
819 2631 967 2714 Holsato,
996 2629 1086 2696 verbi
1116 2627 1218 2694 divini

92 2749 186 2834 apud
219 2769 278 2816 nos
310 2749 470 2834 ministro,
508 2750 562 2834 qui
594 2750 675 2816 mira
706 2752 933 2818 benevolentia
964 2757 996 2816 et
1025 2748 1219 2814 liberalitate

97 2869 251 2934 Latinam
296 2875 328 2933 et
364 2869 518 2935 Graecam
555 2871 698 2953 linguam
733 2891 792 2956 per
826 2871 997 2938 triennium
1033 2868 1133 2953 gratis
1167 2885 1219 2932 me

99 2986 220 3052 docuit.
262 2987 356 3067 Auno
378 2987 608 3055 MDOOOLXV
623 3009 733 3058 mense
747 2991 871 3072 Sextili,
894 2987 1058 3055 Hansenio
1080 2993 1218 3066 anetem,

95 3104 166 3172 adii
202 3104 404 3190 gymnasium
436 3105 600 3189 Kiliense,
637 3109 727 3192 eujus
759 3109 945 3176 memoriam
978 3106 1091 3174 eodem
1126 3111 1218 3188 grato

94 3224 204 3292 animo
227 3243 354 3308 semper
374 3221 525 3308 servabo,
557 3246 618 3309 quo
640 3234 822 3294 constanter
843 3227 1017 3296 meminero
1039 3223 1219 3291 Thaulowii

93 3342 284 3428 professoris
306 3341 439 3426 ejusque
460 3342 615 3428 conjugis,
638 3365 770 3428 quorum
792 3347 826 3412 in
849 3345 943 3412 domo
966 3345 1136 3411 triennium
1151 3343 1219 3409 iere

92 3459 244 3528 alumnus
280 3461 434 3527 habitavi.
491 3462 574 3530 vere
609 3465 687 3529 anni
721 3446 1003 3532 unooou'xvur
1037 3461 1218 3532 resumonro

94 3579 290 3646 maturitatis
318 3579 405 3662 quod
435 3579 545 3646 dicunt
571 3581 743 3650 instructus
764 3585 908 3670 Lipsiam
935 3563 987 3648 me
1014 3579 1149 3664 mutuli,
1183 3587 1219 3646 ut

92 3695 211 3764 studiis
239 3698 442 3782 philologieis
470 3719 600 3783 operam
629 3701 755 3784 darem,
785 3703 893 3786 ibique
920 3701 1004 3768 inter
1031 3701 1118 3767 cives
1147 3721 1219 3766 aea-

94 3815 240 3882 demieos
271 3825 419 3902 aceeptus
452 3838 511 3903 per
542 3820 681 3904 quinque
708 3821 880 3888 semestris*
901 3821 1018 3888 scholis
1044 3841 1121 3887 usus
1149 3841 1219 3886 sum

93 3933 234 4000 virorum
272 3934 524 4004 doetissImorum
560 3937 671 4024 Klotz,
706 3941 843 4024 uitiosi,
881 3940 1024 4026 Curtius,
1061 3943 1219 4022 Zameke,

93 4053 253 4137 Leskien,
288 4055 399 4139 Voigt‚
439 4055 586 4142 Lipsius,
618 4057 778 4142 Schoene,
813 4059 1018 4144 Broekhaus,
1051 4062 1221 4146 Drobiseh,
