3050 4932
857 476 895 538 ro

311 675 368 740 per
389 662 455 722 tam
483 653 586 722 facilis
614 661 662 721 cst
690 653 851 722 distinctio
879 655 1042 738 utriusque
1064 653 1220 720 infinitivi.
1266 651 1435 738 Conferas,

311 772 440 836 quaeso,
473 754 572 820 Thuc.
600 753 626 834 Ι,
653 754 721 833 139,
751 757 781 832 4,
805 751 864 818 'ubi
886 753 1027 818 Pericles
1053 752 1152 818 fertur
1179 751 1285 834 λέγειν
1313 758 1436 822 τεκαὶ

311 847 478 933 πράσσειν
508 847 739 926 δυνατώτατος
761 849 874 932 fuisse,
903 871 975 916 cum
1003 850 1049 916 eis
1078 869 1159 933 quae
1180 849 1236 931 IV,
1260 854 1316 934 84,
1348 855 1367 916 2
1392 853 1437 922 de

310 947 448 1014 Brasida
469 949 634 1016 dicuntur:
665 937 704 1035 ἦν
734 947 771 1026 δὲ
794 944 854 1014 οὐκ
877 944 1049 1030 ἀδύνατος,
1073 943 1119 1025 ὥς
1141 947 1434 1030 Λακεδαιμόνιος,

311 1044 431 1112 εἰπεῖν.
467 1045 589 1132 Quibus
610 1047 718 1114 verbis
740 1067 811 1112 cum
833 1045 946 1112 eadem
962 1045 1076 1112 Pericli
1092 1043 1310 1130 Brasidaequc
1330 1049 1437 1116 virtus

312 1145 516 1226 eloquentiae
547 1146 712 1228 tribuatur,
741 1145 774 1210 in
807 1143 958 1210 universa
979 1143 1108 1226 quidem
1130 1145 1290 1212 sententia
1312 1145 1346 1210 hi
1368 1145 1435 1212 loci

310 1249 503 1326 congruuut3
536 1243 595 1311 scd
622 1243 676 1326 qui
709 1242 893 1326 diligentius
914 1261 981 1308 rcm
1003 1242 1226 1326 perpenderit,
1253 1243 1287 1308 in
1308 1265 1435 1312 unare

310 1341 434 1408 variam
467 1341 622 1408 rationem
654 1340 816 1424 cogitandi
849 1345 881 1406 et
912 1339 1041 1406 dicendi
1072 1341 1258 1424 scriptorem
1286 1347 1435 1408 secutum

311 1457 382 1506 csse
409 1459 474 1504 non
501 1439 642 1522 negabit.
686 1438 769 1504 Nam
791 1437 899 1504 verbis
922 1434 1153 1516 δυνατώτατος
1173 1439 1283 1522 λέγειν
1297 1440 1340 1506 dn
1362 1443 1436 1506 uni·

312 1557 439 1604 versum
461 1557 612 1619 magnam
628 1537 841 1619 eloquentiam
856 1533 1133 1602 contenditiuissc
1147 1536 1182 1602 in
1196 1536 1335 1620 Pericle;
1360 1558 1434 1604 cum

190 1645 200 1668 ⁸
310 1655 386 1700 vero
414 1635 583 1700 Brasidam
610 1629 670 1699 οὐκ
700 1630 863 1698 ἀδύνατον
897 1629 1005 1700 εἰπεῖν
1029 1632 1121 1713 dicit,
1157 1653 1228 1701 eum
1262 1635 1434 1702 occasione

190 1800 204 1830 ,ἱ
310 1733 436 1797 oblata
451 1753 516 1798 non
547 1732 728 1815 imperitum
761 1731 890 1798 dicendi
917 1730 1015 1798 luisse
1043 1738 1162 1798 narrat.
1206 1733 1353 1798 Alterum
1387 1734 1435 1799 sic

1509 1555 1511 1684 l

310 1829 446 1896 fortasse
477 1830 626 1896 verteris:
662 1831 825 1912 „Pericles
861 1829 1157 1914 praestantissimus
1189 1837 1258 1896 crat
1290 1831 1433 1912 orator·“,
1510 1897 1511 1900 ,

310 1927 447 1992 alterurn
465 1927 535 2011 jam
558 1929 739 2010 compositis
760 1929 869 1994 verbis
891 1928 1147 1996 circumscribere
1169 1935 1309 2012 oportet:
1332 1928 1435 2006 „Bra-
1509 1915 1511 2040 i

310 2025 408 2100 sidus,
430 2026 486 2091 ubi
506 2045 557 2092 res
578 2025 837 2108 postulaverunt,
867 2045 933 2090 non
953 2025 1107 2092 indiserte
1127 2027 1215 2108 loqui
1237 2025 1351 2092 solitus
1374 2035 1434 2107 est,
1510 2063 1511 2068 ν

311 2122 463 2190 Brasidas
477 2122 640 2204 verstand,
664 2141 759 2188 werin
781 2141 816 2188 es
838 2121 953 2188 darauf
965 2125 1096 2204 ankam,
1119 2130 1176 2206 gut
1190 2144 1228 2188 zu
1242 2124 1436 2207 sprechen.“

310 2219 464 2287 Infinitivi
491 2221 601 2287 acrisii
628 2219 792 2304 proprium
815 2227 863 2287 est
884 2221 927 2286 ad
949 2219 1125 2305 singularia
1146 2227 1307 2304 spectare,
1341 2243 1434 2305 prae·

310 2319 409 2386 scutis
442 2319 486 2385 ad
518 2319 686 2401 generalia
713 2318 831 2385 referri.
876 2321 919 2384 At
947 2326 1079 2402 quaerat
1100 2319 1257 2402 quispiam
1278 2318 1433 2386 fortasse:

311 2415 480 2499 „Quonam
501 2424 595 2501 pacto
617 2415 662 2494 fit,
684 2421 719 2481 ut
734 2423 807 2500 post
829 2414 939 2496 καλόν,
964 2416 1102 2498 δίκαιον,
1127 2412 1255 2496 ἄδικον,
1278 2414 1430 2501 αἰσχρόν,

310 2525 472 2598 γενναῖον,
496 2512 641 2598 εὔλογον,
665 2511 834 2596 εὐπρεπές
856 2511 939 2592 ἔστι,
961 2515 1082 2580 similes
1097 2513 1255 2597 ejusmodi
1268 2513 1433 2597 formulas,

286 2643 290 2652 ·
310 2611 424 2694 quibus
453 2613 600 2678 notiones
627 2612 795 2693 generales
824 2611 989 2693 subjectae
1011 2618 1100 2692 sunt,
1122 2611 1298 2678 infinitivus
1320 2614 1432 2679 acrisii

310 2709 516 2774 inveniatur?
552 2713 603 2776 An
625 2729 691 2774 non
712 2714 798 2773 recte
822 2707 1032 2774 Horatianum
1053 2709 1150 2776 illud:
1174 2711 1299 2792 „Dulce
1321 2716 1354 2778 et
1376 2711 1432 2776 de-

311 2825 419 2872 corum
438 2814 495 2874 est
517 2827 574 2890 pro
597 2805 702 2890 patria
722 2804 825 2870 mori“
847 2825 963 2888 graece
984 2806 1030 2872 sio
1052 2808 1132 2874 verti
1155 2809 1334 2874 existimas:
1366 2804 1430 2896 ἡδὺ

310 2905 368 2970 καὶ
390 2902 491 2968 καλὸν
512 2899 599 2988 ὑπὲρ
622 2910 680 2988 τῆς
702 2902 868 2987 πατρίδος
890 2899 1106 2970 ἆτοθανεῖνῗ
1146 2906 1197 2970 Au
1217 2906 1322 2972 minus
1343 2911 1432 2972 reete

309 3009 403 3086 putas
425 3001 580 3068 Periclem
603 3002 716 3080 (Thuc.
738 3001 781 3082 ΙΙ,
805 3005 855 3081 63,
880 2997 911 3077 d)
935 3001 1070 3068 dixisse:
1094 2999 1141 3080 ὡς
1162 3001 1342 3086 τυραννίδα
1365 3002 1431 3088 γὰρ
1507 3013 1508 3042 l

310 3095 374 3186 ἤδη
399 3097 490 3182 ἔχετε
513 3091 615 3186 αὐτὴν
638 3105 693 3178 (sc.
709 3099 769 3186 τὴν
785 3094 911 3184 ἀρχὴν),
935 3095 974 3186 ἣν
991 3101 1106 3183 λαβεῖν
1121 3102 1182 3183 μὲν
1198 3097 1316 3166 ἄδικον
1334 3097 1432 3167 δοκεῖ

312 3191 409 3277 εἶναι,
431 3196 571 3282 ἀφεῖναι
587 3193 615 3260 δ’
632 3195 892 3263 ἐπικίνδυνονῗ(
922 3197 994 3263 Nou
1017 3219 1076 3282 ego
1098 3206 1192 3284 putc;
1214 3200 1310 3264 immo
1333 3200 1433 3283 aptis·

311 3295 426 3360 simum
453 3295 505 3361 hic
527 3294 679 3360 aoristum
701 3313 772 3360 esse
794 3295 869 3360 scio.
913 3295 1041 3362 Etenim
1063 3295 1090 3362 si
1112 3297 1190 3362 dicis
1213 3294 1313 3361 καλόν
1336 3295 1431 3363 ἐστιν

310 3387 397 3476 ὑπὲρ
419 3398 480 3479 τῆς
502 3391 668 3478 πατρίδος
690 3388 892 3471 ἀποθανεῖν,
917 3401 1023 3460 munte
1045 3393 1103 3458 tibi
1124 3392 1218 3477 fingis
1233 3394 1311 3460 civis
1327 3395 1432 3480 cujus·

312 3487 387 3553 darn
420 3510 478 3574 pro
510 3493 616 3574 patria
648 3496 813 3573 acccptam
844 3497 987 3574 mortem,
1019 3497 1094 3558 ante
1124 3493 1232 3557 oculos
1254 3491 1312 3557 tibi
1335 3494 1430 3576 ponis

260 3648 263 3653 .
310 3607 409 3652 unum
430 3587 562 3672 aliquod
583 3588 678 3672 hujus
699 3589 745 3654 rei
761 3589 942 3673 exemplum
958 3595 990 3654 et
1003 3588 1118 3654 laudas
1133 3589 1216 3654 hanc
1230 3591 1430 3674 praeclaram

311 3691 462 3768 mortem,
493 3686 552 3754 sed
583 3686 630 3758 ita
661 3684 791 3769 laudas,
824 3693 859 3752 ut
881 3686 1038 3767 omnibus,
1068 3687 1121 3768 qui
1142 3685 1224 3753 illud
1246 3688 1430 3772 exemplum

254 3801 258 3810 ·
311 3791 494 3866 sequuntur,
516 3785 729 3852 reverentiam
753 3784 862 3852 deberi
884 3783 981 3850 dicas.
1028 3783 1092 3850 Ubi
1113 3782 1288 3850 infinitivus
1308 3785 1430 3866 acrisii,

312 3899 383 3946 cum
405 3901 423 3948 c
445 3881 541 3966 longa
567 3883 650 3949 serie
677 3883 895 3966 exemplorum
917 3901 1014 3947 unum
1037 3888 1141 3948 sumat
1162 3903 1221 3966 pro
1242 3882 1430 3966 omuibusb,

382 4097 402 4162 'l
420 4095 479 4150 Hoc
495 4109 525 4149 re
543 4098 700 4162 commotus,
718 4099 821 4168 opinor,
840 4095 1030 4168 Bernhardyus
1039 4094 1318 4162 (wissenschaftlicho
1327 4095 1432 4167 syntax
1503 4117 1504 4120 ¹
