3050 4932
114 1783 135 1861 ξ
162 1785 188 1844 1.
232 1777 309 1858 QUI
330 1778 507 1846 FAOTUM
529 1779 614 1860 SIT,
644 1779 703 1846 UT
730 1780 1002 1847 INFINITIVUS
1023 1780 1197 1848 AORISTI

190 1874 417 1943 NOTIONEM
438 1877 702 1944 PRAETERITI
724 1875 815 1944 NON
839 1876 1127 1944 CONTINERET.

181 2047 299 2112 Acristi
328 2046 461 2112 formam
493 2049 520 2114 si
554 2047 624 2131 quis
653 2067 723 2114 cum
753 2047 938 2131 imperfecto
968 2067 1008 2114 ex
1034 2049 1106 2132 ipsa
1128 2051 1218 2116 verbi

91 2145 204 2212 radice
233 2144 370 2210 deducto
399 2146 584 2227 contulerit,
612 2145 695 2211 nihil
716 2145 860 2211 inveniet
881 2145 966 2228 quod
989 2145 1115 2212 differat
1135 2148 1219 2214 inter

90 2245 182 2310 illius
210 2242 431 2330 formationem
460 2249 492 2308 et
514 2243 609 2326 hujus
631 2242 852 2325 figurationem
876 2243 927 2314 (ci.
951 2240 1016 2328 ’ἐφη
1041 2251 1073 2310 et
1095 2243 1218 2332 ἔστην).

91 2341 176 2409 Cum
191 2359 268 2404 vero
289 2337 401 2420 lingua
421 2359 538 2421 graeca
558 2339 746 2422 saepissime
768 2340 877 2405 thema
897 2341 1076 2422 praesentis
1097 2361 1117 2406 a
1138 2363 1220 2425 pura

90 2427 186 2507 verbi
201 2435 309 2502 radice
325 2435 370 2500 ita
385 2435 592 2517 distinxisset,
608 2443 643 2500 ut
656 2435 738 2500 illud
747 2435 844 2501 variis
856 2457 1003 2502 senorum
1014 2437 1219 2507 incrementis
1282 2425 1287 2434 ¹

91 2541 228 2620 augeret
261 2532 312 2616 (cf.
342 2531 469 2600 Curtius
497 2533 657 2618 Tempora
688 2554 719 2598 u.
747 2532 835 2598 Medi
863 2553 936 2617 pag.
966 2537 1033 2618 67),
1066 2537 1219 2620 temporis
1299 2586 1302 2596 1

92 2651 267 2718 progressu
299 2632 420 2714 evenit,
454 2639 488 2696 ut
523 2651 640 2716 magne
675 2630 857 2698 discrimine
885 2639 1089 2716 separaretur
1120 2635 1218 2720 stirps

92 2729 275 2816 praesentis
307 2729 459 2814 temporis
488 2730 672 2795 atbemate
701 2729 821 2795 aeristi.
865 2729 937 2808 Qua
966 2729 1147 2798 differentia
1168 2732 1218 2798 usi

92 2827 242 2894 hemines
263 2829 371 2910 graeci
395 2826 457 2893 duc
480 2828 614 2894 actionis
635 2846 756 2910 genera
772 2826 951 2910 siguificare
966 2835 1217 2894 consueverunt:

92 2932 265 3011 praesente
299 2925 458 2991 actionem
486 2925 538 2992 vel
572 2924 787 2990 conditionem
822 2923 989 2990 durantem
1017 2925 1071 2990 vel
1098 2924 1216 2990 factum

77 3027 208 3094 ‚iterum
226 3022 403 3105 iterumque
414 3023 593 3106 repetitum,
611 3022 729 3088 acrisio
741 3021 899 3088 actionem
910 3022 1100 3105 absolutam,
1122 3042 1217 3106 quam
1239 3069 1242 3074 ·

93 3122 173 3187 mibi
195 3121 291 3185 liceat
313 3127 570 3208 momentaneam
599 3121 790 3202 nominare.¹
819 3119 883 3186 Ubi
904 3140 980 3186 vere
1008 3139 1163 3203 praesens
1185 3127 1218 3186 et

93 3217 314 3304 imperfectum
349 3218 391 3283 ab
424 3217 496 3300 ipsa
527 3217 635 3284 radice
656 3217 747 3284 verbi
764 3224 941 3302 procreata
969 3224 1076 3299 erant,
1111 3218 1157 3283 ita
1183 3226 1219 3283 ut

93 3319 232 3383 aeristus
247 3315 508 3399 primigenius-
524 3317 660 3382 aoristus
675 3315 708 3380 II
719 3316 868 3399 -plane
883 3316 916 3380 in
932 3313 1068 3380 eandem
1083 3313 1216 3379 formam

95 3417 241 3480 abiturus
257 3421 350 3489 esset,
367 3413 499 3496 quaein
515 3413 701 3498 imperfecte
716 3413 944 3496 reperiebatur,
967 3411 1083 3478 Graeci
1096 3432 1214 3477 novum

95 3512 248 3578 acristum
265 3547 301 3556 -
320 3511 409 3576 illum
426 3511 480 3593 qui
496 3511 616 3595 primus
632 3531 653 3576 a
666 3510 881 3594 grammaticis
895 3513 1075 3573 venatur-
1089 3507 1218 3576 effinxe-

95 3616 170 3676 runt
184 3611 238 3674 vel
260 3609 324 3674 alio
347 3608 485 3692 quodam
508 3609 603 3674 medo
625 3609 778 3674 aoristum
800 3608 841 3674 ab
863 3605 1049 3690 imperfecte
1065 3605 1218 3674 distinxe-

97 3713 171 3773 runt
194 3706 244 3782 (cf.
269 3706 415 3790 ἔτραπον
438 3714 470 3773 et
494 3705 646 3788 ἔτρεπον.
668 3703 795 3772 Curtius
816 3707 839 3769 l.
861 3705 883 3768 l.
906 3724 980 3788 pag.
1007 3707 1088 3782 149).

181 3804 286 3888 Atque
315 3805 348 3870 in
371 3805 480 3872 acristi
502 3805 535 3869 vi
557 3810 589 3869 et
610 3823 669 3868 usu
691 3802 893 3888 explicandis
914 3823 981 3868 nun
1001 3802 1060 3868 abs
1082 3822 1117 3868 rc
1140 3810 1217 3886 putu

99 3922 179 3984 esse,
196 3901 222 3968 si
237 3902 279 3968 ab
295 3922 334 3968 ea
350 3901 534 3969 definitione
550 3899 784 3986 proficiscimur,
808 3920 903 3983 quarn
925 3901 1057 3984 protulit
1070 3899 1216 3966 Piublius

98 4000 130 4064 in
151 3999 262 4066 libello
287 4000 339 4082 qui
356 3999 540 4065 inscribitur
564 3997 692 4080 „Ueber
706 3995 758 4062 die
774 3996 965 4082 Bedeutung
979 3997 1037 4064 des
1051 3996 1218 4064 Acristus“

99 4093 258 4179 (Dresdae
286 4095 392 4183 1867.)
997 4196 1012 4229 *

976 4200 987 4247 1
