3028 4928
863 447 1008 514 68'

319 626 575 697 Ucbereinkunft
595 626 684 692 nicht
705 627 868 695 bestimmt
889 647 947 694 555
969 625 1026 693 der
1040 625 1235 710 Gegcnwart
1255 627 1290 693 in
1312 627 1365 696 die
1379 629 1436 696 Zn·

317 727 413 794 kuntt
441 726 662 792 heraustreten
690 747 728 790 zu
757 727 866 792 lusson
873 773 881 808 ,
914 725 956 790 ist
985 730 1085 791 etwas
1113 745 1195 807 ganz
1217 724 1365 793 Anderes
1390 729 1436 794 als
1494 785 1495 788 ,

317 825 391 892 eine
405 824 500 890 Form
522 845 560 888 zu
581 823 795 906 gebrauchen,
819 824 871 889 dic
894 821 968 888 dem
982 821 1216 905 Sprachgefdhi
1237 823 1365 908 zufolge
1388 825 1435 891 die
1494 813 1495 892 i

318 926 621 1006 cntgegengesetnte
633 919 705 987 Zeit
725 921 944 1003 bezeichnet“,
966 925 1063 1001 atque
1076 919 1109 984 in
1124 922 1335 988 annotatione
1349 923 1437 988 affert
1493 905 1495 1042 γ

317 1021 477 1104 exempla,
499 1019 614 1100 quibus
636 1017 842 1100 demonstret,
865 1026 938 1102 post
960 1013 1020 1082 οὐκ
1043 1015 1109 1103 ἔφη
1132 1017 1326 1084 infinitivum
1349 1039 1435 1104 prae·
1494 1049 1495 1094 r

317 1119 418 1187 sentis
446 1136 504 1200 per
532 1113 715 1204 ἐναλλαγήν
743 1137 801 1200 pro
823 1115 928 1182 futuro
950 1113 1107 1182 adhiberi.
1151 1116 1194 1180 At
1219 1135 1278 1182 nos
1301 1116 1434 1199 quidem,

317 1217 489 1300 quiquam
511 1213 676 1280 moderate
697 1213 812 1280 Graeci
836 1215 921 1278 hunc
948 1212 1103 1295 loquendi
1130 1233 1223 1278 usum
1252 1213 1436 1280 admiserint

316 1315 401 1380 bene
422 1314 555 1394 scimus,
578 1311 782 1378 verisimilius
804 1318 951 1395 putamus
973 1329 992 1376 e
1013 1308 1244 1392 significatione
1266 1311 1435 1377 voluntatis

317 1413 485 1478 verborum
517 1409 696 1491 regentium
729 1415 830 1474 ortam
858 1427 929 1476 5555
956 1407 1045 1472 illam
1075 1413 1273 1474 structuram.
1317 1408 1434 1488 Quodsi

190 1583 193 1590 ,
316 1509 398 1575 5555
419 1508 453 1572 in
476 1505 709 1572 dubitationem
731 1526 837 1584 vocas,
867 1505 1012 1571 conferas
1034 1523 1153 1588 quaeso
1176 1506 1261 1572 Xen.
1285 1505 1389 1572 Anab.
1410 1507 1433 1584 1,

318 1611 347 1689 3,
365 1609 383 1672 8
407 1602 467 1670 οὐκ
490 1602 556 1690 ’ἐφη
582 1601 669 1670 ἰέναι
691 1623 762 1670 cum
785 1602 873 1669 ἰέναι
895 1599 955 1668 οὐκ
969 1597 1075 1689 ἤθελε
1099 1598 1310 1680 (55555155
1328 1601 1433 1670 ἐθέλω

317 1701 434 1790 ἐλθεῖν
458 1701 493 1780 (I,
517 1705 547 1783 3,
573 1705 623 1778 10)
647 1707 679 1767 et
700 1701 853 1784 respicias
874 1720 1001 1767 versum
1023 1700 1116 1765 illum
1130 1700 1357 1784 Aristophanis
1378 1696 1434 1766 adu

316 1801 378 1883 μὲν
400 1796 445 1886 μὴ
470 1803 520 1886 φῇ
541 1795 624 1884 μηδ’
649 1796 799 1884 ἐθελήσῃ
824 1818 851 1864 e.
874 1818 903 1880 q.
926 1818 951 1863 5.
996 1795 1097 1881 (Aves
1120 1795 1214 1882 555),
1251 1819 1335 1882 quae
1362 1801 1435 1866 satis

316 1916 476 1982 superque
504 1897 657 1979 probent,
691 1893 731 1961 od
759 1921 848 1982 φημι
877 1893 962 1962 idem
990 1893 1100 1962 551555
1126 1895 1211 1977 quod
1240 1893 1301 1960 οὐκ
1324 1892 1433 1976 rigato.

315 1997 337 2062 i.
361 1995 496 2075 anolo,
525 1992 661 2076 ideoque
682 1993 813 2060 casdem
839 1999 1013 2060 structuras
1033 1991 1212 2059 admittere.
1256 1992 1347 2072 Quae
1369 2013 1434 2059 cum

316 2095 362 2160 ita
383 2092 463 2173 sint,
493 2090 671 2157 servandus
693 2098 742 2158 555
769 2098 843 2174 post
866 2087 926 2156 οὐκ
949 2087 1015 2176 ἔφη
1045 2109 1110 2156 555
1133 2091 1235 2156 solum
1257 2091 1433 2174 praesentis

315 2189 510 2270 infinitivus,
539 2195 574 2252 ut
595 2188 745 2272 Xenoph.
769 2189 873 2254 Anab.
895 2189 921 2266 Ι,
945 2193 973 2266 3,
997 2190 1015 2250 7
1039 2193 1071 2252 55
1100 2187 1155 2266 IV,
1179 2193 1208 2267 5,
1236 2193 1272 2252 15
1295 2187 1434 2273 πορεύε-

317 2293 412 2366 σθαι,
436 2285 522 2370 quod
536 2291 656 2352 temere
672 2284 809 2354 Cobetus
824 2285 868 2352 ad
882 2285 977 2350 futuri
991 2284 1126 2351 formam
1144 2285 1293 2368 redigere
1314 2287 1432 2364 suadet,

316 2385 375 2454 sed
403 2384 499 2452 etiam
528 2385 680 2466 coriatus,
722 2384 816 2450 sicuti
844 2382 990 2467 Thucyd.
1013 2384 1050 2466 V,
1074 2385 1165 2464 tut
1215 2379 1274 2448 οὐκ
1306 2383 1432 2471 ἔφασαν

317 2483 495 2563 δέξασθαι,
518 2502 612 2564 quem
634 2482 738 2548 locum
760 2503 825 2548 non
848 2481 988 2547 debebat
1010 2481 1184 2548 sollicitare
1205 2481 1382 2548 Dobreeus.
1396 2518 1432 2527 —

316 2579 470 2648 Similiter
502 2587 588 2644 5555,
609 2578 813 2662 expedienda
834 2579 921 2660 VIII,
946 2582 996 2660 80,
1021 2582 1039 2642 2
1076 2577 1114 2643 τὸ
1144 2576 1331 2658 Βυζάντιον
1360 2579 1434 2646 ἐντε-

316 2673 517 2764 κηροκεύετο
534 2672 649 2752 αὐτοῖς
671 2672 872 2761 ἀποστῆναι,
895 2676 1042 2758 Byzantii
1064 2695 1122 2759 per
1141 2677 1266 2758 legatos
1282 2679 1329 2743 eis
1345 2678 1433 2762 signi·

315 2773 455 2842 ficabant
476 2792 511 2840 55
533 2792 604 2838 5555
626 2781 756 2856 paratos
778 2772 821 2839 ad
847 2773 1056 2840 detectionem
1084 2773 1282 2852 faciendam,
1312 2775 1433 2860 Byzonr

316 2874 407 2941 erbot
424 2871 492 2937 sich
514 2869 697 2938 abzufallen
719 2871 769 2950 (55.
789 2871 843 2952 VI,
861 2874 911 2950 88,
935 2875 953 2935 7
977 2868 1272 2954 ἐπαγγελλομένων
1295 2909 1338 2920 -
1361 2876 1433 2954 ξομ-

315 2972 506 3054 πολεμεῖν),
544 2986 650 3050 neque
681 2988 772 3034 55555
800 2967 994 3052 explicanda
1021 2968 1075 3046 lV,
1098 2971 1139 3032 99
1168 2964 1430 3052 ἀποκρίνασθαι,

315 3066 481 3144 ἀπιόντας
504 3065 560 3132 καὶ
583 3061 769 3148 ἀπολαβεῖν
791 3062 1039 3140 denotandum.
1075 3066 1288 3132 Heilmannus
1310 3067 1432 3150 quidem

316 3173 349 3235 et
359 3165 497 3232 Haasius
512 3164 706 3252 bacon-arba
720 3163 868 3242 reddunt,
884 3163 976 3246 qnasi
990 3159 1176 3245 ἀπολαβεῖν
1189 3171 1273 3230 55555
1288 3164 1432 3244 futurum,

315 3264 373 3334 sed
395 3262 466 3345 quis
488 3268 536 3328 est
557 3261 633 3344 quin
654 3260 772 3343 videat,
795 3261 829 3328 in
851 3262 948 3329 verbo
971 3257 1228 3346 ἀποκρίνασθαι
1249 3263 1353 3330 latere
1373 3263 1430 3329 vim
1491 3261 1492 3264 ’

315 3358 519 3440 cohortandi,
548 3365 583 3424 ut
606 3358 640 3424 in
661 3359 927 3442 praecedentibus
948 3358 1054 3424 verbis
1077 3353 1318 3444 ἀπεκρίναντο,
1344 3359 1376 3428 εἰ
1397 3395 1431 3406 -

316 3455 587 3546 ἀποφέρεσθαιλ
629 3455 722 3522 Η555
743 3457 838 3540 igitur
860 3457 893 3522 in
915 3456 1046 3523 modum
1068 3456 1239 3523 vertendus
1262 3465 1311 3524 555
1334 3459 1432 3525 locus:

316 3559 513 3640 „Honestam
535 3571 611 3618 vero
626 3554 765 3637 speciem
787 3554 915 3633 habere,
938 3555 965 3620 si
983 3553 1230 3637 responderent:
1254 3575 1345 3623 esuo
1361 3576 1432 3640 agro

317 3653 520 3720 discedentes
548 3651 728 3734 reciperent
755 3671 794 3717 55
822 3671 904 3734 quae
934 3657 1129 3736 repeterent,
1163 3651 1211 3718 sie
1239 3654 1359 3720 sollten
1388 3675 1433 3718 au·
1490 3731 1491 3734 Ἴ

315 3751 430 3818 555555
456 3750 507 3814 ihr
535 3747 650 3814 Gabiet
677 3757 810 3816 raumen
837 3749 904 3815 und
933 3750 1020 3816 dann
1056 3755 1135 3832 eret,
1170 3770 1238 3816 was
1267 3751 1313 3818 sie
1342 3752 1433 3818 beau·
1490 3741 1491 3770 ¹

315 3848 498 3932 spruchtem
521 3846 693 3913 nehmen.“

402 3944 466 4011 Ubi
480 3961 556 4008 vero
579 3949 677 4030 φημί,
700 3945 875 4030 λογίζομαι
893 3951 924 4010 55
939 3965 1021 4028 quae
1036 3944 1082 4010 eis
1097 3952 1233 4028 cognata
1248 3952 1322 4012 5555
1337 3947 1432 4012 verba

315 4041 578 4128 significationem
591 4041 718 4108 dicendi
730 4043 927 4126 putandique
939 4043 1096 4126 integram
1109 4051 1317 4110 servaverunt
1328 4045 1433 4112 simui·
1489 4127 1490 4132 Ἰ
