3028 4928
640 475 681 538 67

86 659 142 722 est
164 661 287 719 merum
309 652 442 717 verbum
465 652 681 735 promittendi,
704 653 839 737 senptor
859 654 960 719 verba
980 653 1050 738 ejus
1072 655 1126 736 qui
1148 676 1222 738 pro-

85 753 191 818 mittit
211 769 270 834 per
290 750 507 816 accusativum
523 769 593 814 uum
608 749 766 816 infinitivo
781 750 877 817 refert
885 753 932 835 18);
954 751 1009 817 ubi
1023 769 1100 834 vero
1116 753 1223 836 magis

86 850 135 916 ad
158 847 254 914 offioii
276 847 443 926 subeundi,
467 845 510 912 ad
531 845 726 932 suscipiendi
749 847 1013 930 signifieationem
1035 851 1148 932 vergit,
1173 850 1221 918 ita

87 954 126 1012 ut
149 965 345 1032 propensum
368 944 506 1011 hominis
528 945 717 1028 spondentis
732 947 873 1012 animum
889 947 1057 1030 exprimat,
1081 949 1217 1032 simplex

86 1043 271 1112 infinitivus
291 1043 326 1107 in
348 1063 440 1114 usum
465 1048 606 1111 vocatur.

88 1195 245 1264 Cs.H0m.
263 1201 295 1260 Z
307 1198 348 1260 93
372 1199 429 1259 καί
452 1192 484 1259 οἱ
507 1187 724 1276 ὑποσχέσθαι
747 1195 950 1262 δυοκαίδεκα
971 1202 1054 1280 βοῦς
1077 1195 1128 1264 ἐνὶ
1150 1205 1219 1286 νηῷ

346 1363 348 1369 Α
371 1288 454 1379 ἤνις,
479 1288 632 1379 ἠκέστας,
656 1291 860 1380 ἱερευσέμεν.

260 1395 293 1454 Κ
307 1389 490 1468 39-δείδω,
516 1388 561 1478 μὴ
586 1386 626 1454 οδ
647 1394 698 1466 τίς
720 1415 773 1455 τοι
795 1387 987 1478 ὑπόσχηται
1006 1391 1085 1458 τόδε
1110 1392 1222 1478 ἔργον,

371 1484 496 1574 ἄνδρας
510 1486 701 1570 ,δοςμενέας
717 1489 944 1570 σκοπιαζέμεν
960 1484 1032 1568 οἶος
1048 1488 1220 1557 ἐπελθών.

179 1641 363 1707 Praesentis
398 1639 572 1707 infinitivus
604 1641 721 1724 legitur
757 1641 844 1726 apud
880 1642 1053 1709 Homerum
1090 1647 1120 1708 Β
1147 1649 1219 1710 112,

90 1745 112 1804 Ι
137 1743 186 1804 19.
216 1741 318 1804 1139.
355 1743 384 1802 Y
404 1742 454 1804 84.
485 1739 597 1820 1191,
627 1739 773 1819 aoristus,
797 1740 851 1822 qui
873 1761 944 1805 raro
967 1747 1146 1825 usurpatur,
1170 1750 1222 1810 est

87 1838 182 1923 apud
199 1837 449 1920 Xenophontem
472 1835 575 1900 Anab.
599 1835 624 1918 Ι,
648 1839 677 1916 2,
701 1839 739 1900 21
764 1844 797 1902 et
817 1837 859 1918 ΙΙ,
883 1841 911 1919 3,
936 1841 986 1903 20.
1031 1840 1069 1904 In
1092 1840 1219 1925 Thuoy-

89 1936 184 2002 didis
215 1935 295 2000 libro
323 1953 388 1999 uno
417 1934 488 1998 loeo
516 1932 728 2018 dubitaveris,
765 1935 903 2000 iuturine
930 1934 1137 2019 infinitivum,
1174 1959 1217 2003 an

89 2034 206 2101 aovisti
227 2053 266 2100 ex
287 2027 530 2112 ὑπισχνεῖσθαι
553 2031 696 2115 pendere
724 2031 828 2096 dieas:
865 2033 890 2114 I,
913 2037 964 2114 58,
991 2038 1004 2097 1
1029 2028 1217 2116 ὑπέσχοντο

89 2130 220 2210 αὐτοῖς,
243 2126 283 2217 ἢν
307 2127 366 2196 ἐπὶ
389 2127 579 2194 Ποτίδαιαν
602 2127 699 2195 ἴωσιν
713 2126 908 2216 Ἀθηναῖοι,
932 2128 968 2208 ἒς
990 2128 1050 2218 τὴν
1070 2128 1217 2218 Ἀττικὴν

88 2229 258 2313 έςβαλεῑν.
302 2228 380 2293 Cum
402 2246 478 2291 vero
500 2222 726 2310 incensorium
748 2227 937 2310 saepissime
958 2227 1114 2307 futurum,
1137 2231 1217 2295 aori·

87 2338 177 2396 stum
192 2326 353 2392 rarissime
366 2325 511 2408 recipiat,
535 2343 669 2406 eumque
687 2325 840 2390 solemnis
851 2323 1064 2407 jurisjurandi
1080 2325 1217 2392 formula

88 2425 227 2494 maximi
250 2424 290 2490 sit
310 2421 479 2504 momenti,
510 2419 661 2504 έςβαλεῑν
684 2421 823 2486 futurum
845 2422 951 2505 potius
973 2420 1216 2490 existimaveris.

178 2523 253 2592 Jam
275 2527 464 2606 perventum
488 2519 600 2585 estad
623 2539 662 2586 ea
684 2519 849 2602 exempla,
880 2537 962 2601 quae
984 2519 1136 2586 aoristum
1158 2541 1216 2606 pro

86 2625 198 2690 futuro
227 2620 378 2686 videntur
405 2617 568 2684 exhibere.
613 2619 662 2684 De
692 2617 754 2682 hae
776 2617 963 2700 quaestione
984 2625 1051 2684 tarn
1074 2620 1217 2685 multae

88 2721 173 2786 viris
188 2719 288 2784 dootis
304 2722 378 2783 sunt
400 2716 536 2798 prolata,
560 2724 687 2800 praeter
702 2727 825 2782 eeteros
839 2735 860 2780 a
874 2714 1038 2800 Madvigio
1053 2717 1087 2781 in
1103 2716 1216 2782 disser-

87 2819 215 2884 tatione
237 2815 304 2898 iila,
328 2833 423 2896 quam
447 2833 544 2897 saepe
566 2813 778 2894 laudavimus,
802 2819 837 2876 ut
859 2813 900 2878 de
915 2833 950 2878 re
965 2814 1132 2880 notissima
1155 2813 1217 2878 dis-

88 2935 200 2983 serere
232 2910 442 2998 supersedere
474 2911 649 2996 possimus;
686 2917 845 2990 attamen,
883 2929 953 2974 oum
987 2911 1021 2974 in
1053 2911 1215 2976 nonnullis

89 3013 256 3095 Madvigio
278 3010 428 3078 assentiri
450 3027 619 3091 nequeam,
642 3009 709 3074 alia
722 3028 808 3089 vero,
832 3014 1014 3089 quaerente
1030 3005 1213 3089 disputavit,

88 3109 186 3177 novis
200 3109 333 3176 forsitan
348 3105 544 3192 argumentis
559 3104 799 3172 oonfirmaturus
817 3103 887 3187 sim,
911 3104 1029 3169 addam
1044 3121 1214 3188 perpauoa.

90 3211 134 3275 Et
171 3208 308 3292 primum
345 3204 473 3288 quidem
508 3203 709 3286 imperiosius
745 3223 813 3269 rem
849 3201 998 3284 transigit
1034 3200 1214 3284 Madvigius

90 3306 180 3390 (pag.
204 3303 277 3389 41),
306 3303 426 3388 rejecto
448 3300 605 3368 infinitivo
628 3302 738 3367 aoristi
766 3307 839 3385 post
860 3297 1101 3380 ὑπισχνοῦμαι,
1129 3293 1215 3364 ὑπο-

93 3404 236 3485 δέχομαι
258 3409 290 3468 et
312 3395 483 3487 ὁμολοχέο
505 3402 614 3480 verba,
636 3398 785 3482 aquibus
801 3419 865 3463 non
880 3397 1022 3462 alienam
1038 3415 1109 3462 esse
1130 3396 1215 3461 hano

90 3507 285 3568 structuram
307 3499 402 3565 modo
425 3498 722 3567 demonstravimus.
765 3495 907 3576 Deinde,
937 3491 1022 3577 quod
1051 3493 1091 3560 de
1112 3491 1214 3558 infini-

89 3600 150 3665 tivi
172 3598 351 3683 praesentis
372 3619 432 3664 usu
454 3598 539 3678 dioit,
562 3601 694 3662 nonest
715 3591 926 3679 probandum.
956 3593 1113 3656 Praesens
1128 3591 1213 3656 enim

89 3699 136 3778 ab
157 3696 272 3763 iisdem
301 3696 408 3762 verbis
436 3702 546 3779 aptum
574 3695 660 3760 idem
682 3690 863 3772 Madvigius
890 3709 956 3754 non
985 3689 1121 3772 respuit,
1155 3689 1212 3756 sed

89 3797 190 3878 longe
218 3793 291 3858 aliis
320 3796 424 3860 nausis
452 3799 626 3858 commotus
656 3811 694 3856 ao
722 3809 791 3854 nos.
849 3786 902 3853 Sio
931 3787 1015 3852 enim
1050 3792 1135 3870 (pag.
1158 3791 1211 3864 37)

89 3893 316 3960 ratiocinatur:
339 3894 433 3975 „Den
449 3888 659 3973 degenstand
682 3888 771 3954 eines
782 3883 1019 3968 Verspreohens
1033 3883 1112 3951 oder
1125 3886 1213 3952 einer

93 4029 295 4040 ...—.-·-·---

162 4093 195 4159 ¹³)
213 4091 249 4146 cf.
268 4091 346 4148 Hem.
366 4097 387 4144 δ
405 4097 462 4148 347.
480 4097 502 4144 Ζ
520 4095 560 4146 93.
580 4096 637 4145 274.
657 4095 683 4142 Ν
700 4091 757 4143 366.
776 4089 834 4140 368.
853 4089 880 4137 X
901 4089 956 4140 114.
976 4084 995 4138 δ
1010 4090 1035 4142 6.
1055 4086 1144 4139 1791.
1193 4111 1195 4116 ·

970 4173 1006 4226 5*
