3050 4932
871 506 890 565 4

402 687 531 775 Optime
554 685 682 770 quidem
705 683 754 748 vir
776 683 887 748 doctus
909 681 986 765 quid
1006 681 1168 768 proprium
1191 684 1233 750 sit
1254 683 1362 749 aoristi
1384 683 1442 748 his

312 787 422 854 verbis
443 783 599 870 significat
622 783 655 866 (ξ
676 787 705 846 5.
731 779 779 866 1);
809 781 897 862 „Der
918 780 1025 845 Aorist
1045 781 1168 864 besagt,
1194 780 1269 847 dass
1291 779 1343 846 dic
1359 780 1442 846 Ver-

315 883 544 968 hartheugkeit
572 880 656 946 ohne
678 878 908 962 Entwicklung
935 877 1074 962 gedacht
1095 877 1227 944 werden
1248 877 1349 959 soll,“
1378 877 1443 943 sed

314 1002 429 1049 vereor
463 1001 504 1048 ne
535 979 622 1046 idem
650 977 707 1059 vir,
730 976 785 1041 ubi
813 977 948 1042 aoristos
975 976 1009 1042 in
1039 974 1102 1041 duo
1129 995 1249 1059 genera
1279 974 1442 1060 dispertit,
1495 975 1496 1022 t

314 1081 455 1146 fallatur.
499 1078 552 1144 Sic
574 1077 659 1143 enim
681 1075 800 1160 pergit:
829 1072 987 1156 „Manche
1008 1071 1227 1158 Handiungen
1257 1072 1379 1139 dauern
1404 1093 1443 1138 so
1495 1031 1496 1112 i

315 1181 415 1244 kurze
436 1176 514 1254 Zeit‚
538 1173 613 1240 dass
635 1174 682 1240 sie
703 1172 747 1236 im
769 1170 972 1254 Augenhiick
987 1171 1156 1254 vollzogen
1178 1171 1251 1239 sind
1272 1170 1339 1236 und
1362 1170 1444 1247 dass
1494 1153 1496 1244 i

315 1274 470 1340 hiernach
493 1273 566 1339 eine
587 1270 779 1354 cigentiiohe
794 1269 1024 1352 Entwichlung
1046 1270 1134 1335 nicht
1148 1269 1335 1336 stattfindet.
1373 1269 1445 1333 Wir

316 1391 449 1438 nennen
462 1370 628 1437 diesclben
639 1365 1203 1452 momentanoVerbalthatigkciten3
1219 1388 1244 1432 z.
1260 1367 1297 1432 B.
1309 1366 1442 1450 βαλεῖν,

317 1470 435 1552 „einen
457 1467 547 1533 Wurf
567 1465 679 1531 thun.“
724 1464 782 1529 Bei
804 1462 927 1529 andern
950 1463 1074 1546 Verbis,
1096 1464 1149 1530 bei
1173 1464 1279 1531 denen
1302 1463 1360 1530 der
1381 1465 1445 1530 Bc-

315 1567 393 1652 griff
412 1567 469 1632 der
492 1563 722 1644 Entwicklung
743 1562 810 1628 sich
832 1561 966 1644 geltend
987 1563 1104 1642 macht,
1128 1562 1209 1628 wird
1231 1561 1284 1628 die
1306 1563 1443 1646 Thatig·

316 1665 386 1731 keit
415 1683 479 1729 von
514 1661 572 1726 der
599 1660 807 1742 Vorstellung
833 1666 926 1725 unter
954 1659 1155 1726 Umstanden
1184 1660 1359 1743 gleichsam
1391 1683 1445 1725 zu-

316 1758 621 1843 sammcngedrangt
635 1756 706 1843 (aus
721 1758 816 1824 einen
830 1757 1034 1824 bestimmten
1050 1757 1123 1822 Fall
1137 1757 1280 1842 beregen
1294 1780 1325 1822 u.
1338 1779 1364 1824 s.
1376 1757 1444 1840 vu).

315 1859 415 1924 Diese
436 1876 566 1924 nennen
588 1856 647 1921 wir
669 1854 880 1922 concentrirte
903 1853 1211 1939 Verbalthatigheit3
1244 1877 1271 1920 z.
1294 1855 1330 1920 B.
1355 1854 1445 1939 ἐρω-

316 1961 429 2042 τῆσαι,
453 1954 596 2036 „einmal
617 1954 677 2019 das
692 1954 819 2035 Fragen
835 1953 1045 2018 abmachen.“
1080 1953 1146 2018 Iste
1161 1961 1211 2018 est
1225 1974 1321 2033 error,
1345 1974 1443 2037 quem

312 2053 384 2137 jam
413 2053 628 2117 Buttmannus
651 2047 792 2134 (Gneeh.
815 2049 869 2115 Gr.
892 2048 944 2115 ed.
967 2049 1139 2116 vicesimae
1166 2071 1240 2134 pag.
1263 2049 1340 2136 410)
1367 2051 1444 2135 jure

316 2151 439 2236 respuit
468 2156 500 2214 ct
523 2147 649 2214 Curtius
669 2166 773 2232 nuper
792 2148 826 2213 in
848 2147 924 2212 iibri
946 2147 995 2212 sui
1019 2149 1219 2230 grammatici
1239 2150 1443 2234 explanatio-

317 2249 413 2314 nibus
442 2244 507 2332 (cd.
537 2244 700 2313 secundae
728 2243 902 2334 pag.'173)
932 2243 1063 2329 repulit:
1080 2247 1232 2312 ¹errorem
1260 2247 1347 2329 dico,
1379 2269 1443 2332 quo

317 2354 430 2430 captus
452 2345 598 2411 Piuhiius
627 2344 736 2410 aoristi
767 2344 832 2408 vim
853 2343 888 2409 in
911 2362 949 2408 eo
972 2341 1108 2428 positam
1131 2351 1223 2428 putat
1244 2363 1330 2428 esse,
1354 2345 1442 2428 quod

191 2450 193 2456 '
316 2444 475 2509 actionem
490 2462 567 2509 vere
587 2443 739 2526 temporis
761 2449 878 2526 puncto
900 2441 1076 2525 perfectam
1096 2439 1262 2524 significet.
1299 2443 1444 2510 Athene

317 2540 444 2606 Curtius
464 2541 487 2602 i.
503 2540 524 2604 l.
547 2541 669 2604 monuit
690 2538 869 2604 cavendum
893 2558 972 2618 esse,
995 2559 1037 2604 ne
1058 2537 1092 2603 id
1114 2539 1200 2621 quod
1221 2539 1305 2606 inter
1327 2553 1442 2607 ποιεῖν

319 2644 351 2704 et
371 2643 533 2722 ποιῆσαι,
568 2643 663 2702 νικᾶν
687 2643 719 2702 et
741 2641 894 2722 νικῆσαι,
924 2633 1042 2718 ’ἔβαλλε
1072 2644 1104 2702 et
1133 2633 1233 2719 ’ἔβαλε
1262 2637 1443 2704 intercedat

318 2735 506 2818 discrimen,
539 2734 685 2816 virgulae
721 2734 812 2816 quasi
844 2732 1049 2816 horologicae
1081 2735 1222 2801 motione
1254 2737 1441 2802 metiamur:

318 2852 395 2899 nam
417 2839 449 2898 ct
469 2831 655 2915 imperfecto
677 2830 866 2896 brevissima
880 2831 963 2896 actio
977 2831 1113 2897 indicari
1128 2839 1243 2917 potest,
1267 2833 1441 2902 dummodo

318 2931 453 3014 scriptor
486 2949 592 2996 rerum
626 2949 829 3014 progressum
863 2927 1042 3011 delineare,
1075 2948 1143 2995 rem
1171 2949 1233 3013 quo
1261 2932 1357 2998 modo
1387 2932 1442 2997 fiat

318 3028 491 3094 lectoribus
519 3038 594 3092 ante
623 3028 732 3092 oculos
760 3045 880 3110 ponere
908 3033 940 3091 et
968 3026 1058 3109 quasi
1087 3027 1262 3110 depingere
1283 3031 1378 3112 velit,
1412 3037 1443 3096 et

317 3126 437 3192 aoristo
459 3125 556 3192 etiam
585 3143 636 3190 res
663 3125 762 3207 longe
789 3121 908 3190 durans
929 3131 1085 3205 narratur,
1108 3127 1136 3191 si
1159 3125 1293 3193 dicentis
1314 3128 1442 3194 animus

318 3215 353 3288 in
375 3243 439 3288 uno
461 3223 596 3289 actionis
617 3229 673 3287 aut
692 3221 784 3286 initio
799 3227 855 3286 aut
869 3221 956 3287 exitu
970 3221 1179 3304 significando
1195 3232 1366 3308 occupatus
1383 3233 1441 3292 est.

319 3320 394 3386 Non
414 3320 512 3403 igitur
533 3340 605 3387 eam
628 3319 699 3386 dico
720 3319 879 3384 actionem
901 3327 1168 3404 momentaneam,
1192 3321 1284 3406 cujus
1305 3323 1440 3401 initium,

319 3437 516 3502 progressus,
537 3417 609 3484 finis
627 3438 691 3482 uno
706 3423 866 3482 momento
881 3418 1203 3501 comprehenduntur,
1225 3440 1307 3504 quae
1322 3421 1442 3487 Pfuhlii

320 3522 369 3580 est
395 3517 616 3599 interpretatio
644 3514 741 3598 hujus
772 3514 910 3580 nominis
931 3511 965 3599 (t
989 3519 1007 3581 3
1031 3512 1082 3599 a),
1112 3515 1208 3581 immo
1236 3537 1312 3584 vero
1341 3526 1373 3585 ct
1404 3537 1440 3584 ea

319 3612 434 3695 verba,
464 3632 548 3696 quae
576 3614 617 3678 ab
640 3614 696 3678 illo
719 3611 859 3678 secundo
880 3613 950 3678 loco
973 3615 1189 3698 proferuntur,
1212 3623 1440 3684 momentanea

320 3709 400 3774 mihi
420 3711 570 3777 videntur
592 3730 672 3778 esse.

407 3807 483 3872 Dixi
510 3807 550 3874 de
578 3809 707 3876 diversa
735 3806 845 3872 aoristi
873 3815 905 3873 et
932 3809 1111 3892 praesentis
1139 3809 1187 3893 vi,
1206 3809 1275 3893 jam
1305 3809 1347 3877 de
1375 3811 1441 3877 alia

321 3903 485 3987 utriusque
516 3906 668 3990 temporis
701 3905 918 3989 discrepantia
949 3905 1109 3990 agendum
1137 3914 1195 3973 est.
1240 3905 1363 3986 Quodsi
1391 3927 1440 3975 re·

321 4003 475 4086 spexeris,
498 4009 576 4086 quot
596 4009 741 4088 tempora
762 4009 901 4088 quotque
922 4004 1009 4070 modi
1031 4023 1073 4070 ex
1094 4010 1229 4087 utraque
1250 4005 1349 4091 stirpe
1370 4026 1440 4092 pro·
1489 4009 1490 4026 ¹

321 4107 428 4167 creata
449 4099 523 4182 sint,
546 4099 589 4165 ad
610 4099 740 4184 λαμβαν
762 4109 884 4187 septem
900 4103 1060 4188 pertinere
1074 4101 1236 4169 invenies:
