3028 4928
627 355 685 462 cc

71 579 213 658 μονίοις
235 575 293 640 καὶ
317 571 493 652 δικασταῖς
515 570 660 652 ἐκείνοις
679 571 889 662 χρήσασθαι,
910 570 989 652 τούς
1006 597 1042 640 τε
1066 547 1205 653 δδικοιις

72 671 245 753 κολάζειν,
261 668 355 755 παρὰ
367 669 464 758 δίκην
477 670 513 738 δὲ
531 667 661 738 οὐδένα.
684 672 754 752 VII,
767 678 818 755 56,
832 675 851 736 2
865 669 944 748 τούς
955 695 992 738 τε
1004 670 1067 757 γὰρ
1083 669 1205 752 ἄλλους

62 767 232 857 Ἓλληνας
246 764 351 848 εὐθὺς
366 768 445 847 τούς
459 770 521 852 μὲν
535 767 818 856 δλεαθεροῦσθαι,
840 766 920 846 τοδς
935 767 972 838 δὲ
988 767 1100 856 φόβου
1114 768 1204 836 ἀπο-

70 867 225 936 λύεσθαι
247 887 275 936 ε.
298 888 329 952 q.
345 889 371 936 ε.
407 867 628 936 Persuasionis
648 868 839 946 firmitatem,
862 869 912 936 cui
934 887 987 936 res
1007 867 1112 935 futuru
1130 868 1200 954 jam

69 968 162 1034 tacte
184 966 327 1044 ridetur,
360 973 532 1050 praesente
552 967 598 1034 sic
618 967 741 1034 indicet
761 968 911 1054 scriptor,
934 975 969 1034 ut
996 966 1090 1046 dicat,
1112 967 1140 1034 si
1162 987 1201 1034 ea

32 1103 34 1108 ·
71 1085 160 1149 quoe
182 1065 217 1132 in
243 1065 405 1132 sententia
432 1065 624 1134 secundario
652 1067 888 1146 contineantur,
922 1066 1114 1146 efficiuntur,
1148 1085 1202 1136 nc·

71 1164 217 1230 cessario
239 1182 439 1246 consequens
460 1183 540 1241 esse,
563 1170 598 1230 ut
619 1165 725 1230 resin
748 1165 902 1250 primerio
914 1163 1092 1249 significata
1106 1185 1201 1232 even·

70 1269 143 1328 tum
167 1261 299 1328 habeut.
335 1261 383 1326 Ao
403 1260 496 1328 nobis
518 1261 662 1345 qudem,
685 1262 738 1346 qni
760 1263 895 1347 perinde
916 1263 1088 1346 loquimur,
1119 1263 1201 1330 nihil

69 1360 106 1425 id
123 1360 226 1428 hebet
240 1359 436 1439 offensionis,
458 1359 517 1426 sed
531 1359 710 1426 cavendum
725 1367 783 1440 est,
805 1381 847 1428 ne
862 1361 1002 1430 Graecos
1017 1381 1081 1428 nou
1095 1362 1201 1430 minus

70 1477 173 1542 quam
194 1477 254 1524 nos
274 1457 332 1524 ilio
354 1477 414 1524 usn
436 1457 589 1524 delectari
610 1465 767 1541 putemus,
789 1457 824 1523 id
845 1460 931 1542 quod
948 1459 1098 1526 Her-bstio
1113 1459 1202 1527 vide-

70 1567 127 1624 tur
140 1555 308 1634 occidisse,
328 1574 400 1620 cum
413 1555 448 1620 in
462 1555 573 1622 libello
590 1555 631 1622 de
647 1554 759 1624 Cobeti
779 1549 1058 1626 ernendotionibns
1072 1547 1200 1642 Thucyi

72 1655 183 1722 dideis
211 1673 285 1739 pug.
312 1656 349 1719 18
372 1653 417 1720 sic
439 1653 567 1720 ιιαιιιίιι
603 1653 833 1738 „Thucydides
854 1655 911 1720 hat
931 1655 965 1722 in
988 1655 1051 1722 den
1074 1655 1199 1734 Pelion,

71 1753 129 1819 die
150 1753 222 1820 hier
241 1751 275 1816 in
297 1750 449 1818 Betrocht
470 1753 622 1818 kommen
643 1752 793 1832 konnen,
826 1773 886 1818 nur
916 1752 959 1820 du
987 1753 1039 1820 ein
1061 1753 1199 1819 Priscus

69 1852 125 1918 fdr
147 1851 204 1918 ein
225 1851 394 1928 Futurum,
423 1869 472 1914 wo
500 1851 533 1914 in
556 1850 660 1916 einenr
683 1849 830 1926 Beisutro
851 1853 923 1918 eine
944 1850 1066 1918 andere
1088 1849 1199 1916 Hand·

70 1951 157 2036 dung
179 1949 326 2016 danebfflr
345 1948 479 2031 gesteilt
502 1947 559 2026 ist,
593 1947 693 2014 durch
722 1947 775 2015 die
804 1947 863 2016 das
884 1951 1023 2016 Prdsons
1050 1969 1088 2014 zu
1110 1948 1199 2014 einer

70 2046 233 2114 relativcn
250 2045 320 2114 Zeit
342 2044 454 2112 wird.“
490 2045 534 2110 At
550 2046 577 2112 si
595 2045 656 2112 hoc
678 2055 884 2131 praeceptum
908 2047 947 2126 (si
970 2047 1097 2131 quidem
1113 2053 1198 2114 recte

70 2167 91 2212 a
114 2166 169 2212 me
182 2145 393 2228 intellegitur)
415 2161 560 2228 promere
581 2146 738 2225 volumus,
764 2144 1005 2212 concedendurn
1027 2145 1096 2225 orit,
1125 2150 1198 2229 post

71 2264 203 2314 ornnem
225 2243 418 2310 sententiam
434 2239 685 2308 condicionalem
703 2261 860 2325 omneque
875 2243 1087 2327 participium,
1111 2242 1208 2324 qnod

59 2339 259 2428 ‚hujusmodi
281 2341 471 2407 sententiam
492 2338 649 2420 continet,
677 2339 868 2406 infinitivum
896 2339 1075 2424 praesentis
1101 2338 1197 2406 futuri

71 2443 142 2508 loco
166 2441 245 2525 poni
267 2457 371 2524 posse.
399 2437 493 2518 Quod
515 2437 625 2522 procul
647 2457 668 2504 a
689 2459 766 2506 vero
788 2439 903 2505 abesse
923 2438 1019 2506 facile
1040 2437 1197 2522 exemplis

71 2538 311 2606 demonstrabo.
335 2537 503 2604 Herbstius
517 2541 706 2622 προφέρειν
719 2535 920 2615 infinitivum,
936 2536 992 2620 qui
1004 2545 1053 2604 cst
1067 2536 1091 2616 1,
1102 2538 1153 2616 93,
1166 2539 1196 2615 2,

69 2637 237 2704 notionem
259 2636 356 2702 futuri
378 2635 499 2702 habere
521 2634 606 2714 dicit,
630 2635 688 2702 sed
709 2635 781 2702 luce
796 2643 845 2704 est
859 2636 985 2714 clarius,
1008 2639 1197 2721 προφέρειν

69 2735 162 2802 idem
189 2741 315 2820 tempus
343 2731 488 2800 indicere
515 2734 601 2816 quod
630 2728 718 2799 εἶναι
739 2735 773 2799 in
796 2732 909 2800 eadem
938 2734 1085 2817 periodo,
1120 2751 1196 2814 ergo

70 2853 146 2900 esse
167 2831 358 2898 infinitivum
381 2832 570 2916 praesentis.
614 2832 667 2898 Sic
688 2831 763 2914 jure
783 2831 973 2912 Arnoldius,
1002 2831 1195 2912 Kruegorns,

69 2931 248 3000 Boehmius
258 2929 496 3014 judicaverunt,
512 2935 544 2996 et
558 2927 707 3008 Hessius,
730 2949 801 2995 cunr
816 2929 887 3012 ipsc
900 2947 1054 3014 praesens
1068 2934 1194 3010 tempus

68 3029 178 3112 magis
199 3035 309 3112 aptum
332 3033 422 3113 putet
444 3047 539 3111 qnam
561 3027 714 3106 futurum,
748 3029 831 3094 bene
859 3027 944 3092 huno
968 3028 1072 3091 loourn
1094 3025 1194 3091 sicin

68 3129 207 3194 latinum
220 3145 399 3194 sermonem
414 3123 591 3191 transtulit:
613 3127 716 3203 „Tum
732 3126 828 3192 etiarn
844 3123 941 3208 ipsos,
956 3122 1084 3206 quondo
1099 3123 1195 3190 rebus

68 3226 208 3292 nauticis
231 3243 360 3308 operam
384 3224 462 3290 dare
483 3221 673 3307 coepissent,
699 3242 895 3307 magnopere
916 3219 1068 3305 proficere
1089 3221 1123 3286 in
1145 3239 1195 3286 oc·

68 3321 231 3406 quirenda
256 3323 433 3407 potentia.“
965 3345 967 3354 ·

157 3421 211 3504 lv,
231 3423 333 3500 127,1
359 3419 498 3486 Cohetns
521 3416 726 3504 διαφθερεῖν
748 3419 856 3502 legere
877 3415 1046 3500 proposuit
1067 3411 1194 3498 (Novae

68 3519 226 3587 lectiones
240 3539 314 3604 pag.
331 3517 418 3604 366),
440 3516 609 3584 Herbstius
623 3524 754 3601 propter
767 3513 969 3599 participium
986 3509 1193 3594 καταλαβόν-

67 3641 126 3694 τες
148 3623 257 3684 tuetur
279 3616 508 3702 διαφθείρειν.
552 3613 617 3680 Sed
646 3613 804 3696 quomodo
825 3611 874 3690 fit,
903 3611 1040 3676 utillud
1062 3610 1193 3693 partici-

67 3721 158 3803 pium
187 3712 349 3802 praesenti
378 3733 505 3780 sensum
535 3711 629 3778 futuri
657 3710 841 3796 supponat?
891 3709 1011 3776 Ideone
1039 3727 1193 3791 praesens

69 3816 153 3896 ‹„ais
181 3813 318 3881 relative
345 3810 447 3889 noir,
483 3816 517 3874 ut
544 3809 687 3876 Herbstii
715 3807 821 3874 verbis
849 3813 932 3882 utar)
965 3806 1104 3890 positum
1133 3816 1190 3886 cst,

68 3913 155 3996 qnod
183 3909 296 3978 addito
325 3903 571 3991 καταλαβόντες
600 3907 734 3990 scriptor
763 3905 916 3972 barbaros
943 3905 988 3970 sio
1016 3923 1121 3972 secum
1145 3924 1191 3970 re·
1291 3956 1295 3964 .

68 4017 221 4095 putantes
242 4008 334 4074 fecit:
357 4003 411 4086 „si
434 4001 715 4090 καταληψόμεθα,
741 4003 999 4090 διαφθείρομεν,
1023 4024 1118 4070 wenn
1134 4002 1191 4066 wir
