3050 4932
652 479 688 540 15

99 655 215 723 coristi
237 655 392 723 infinitivo
414 653 455 720 dr
477 656 635 742 adjicitur,
658 657 739 725 nihil
754 659 838 724 hanc
852 659 998 724 voculam
1015 655 1224 726 dubitationis

100 754 200 821 docet
220 760 347 833 notare,
374 755 428 821 ubi
451 775 522 822 cum
544 757 723 840 proesentis
743 755 901 824 infinitivo
922 755 1133 839 conjungitur,
1155 776 1222 823 rem

99 873 169 918 non
183 871 259 918 vere
272 851 399 932 iactam,
421 853 478 920 sed
493 853 686 938 cogitatione
699 853 804 921 fictam
819 853 1008 940 significare.
1032 850 1222 938 („Dagegen

99 953 190 1021 steht
219 953 277 1020 das
299 954 437 1018 Presens
466 951 525 1016 mit
547 947 587 1017 dv
611 1001 618 1017 .
642 1001 649 1018 .
674 1001 681 1017 .
703 953 757 1018 nie
785 973 848 1018 von
875 953 963 1023 einer
985 951 1221 1034 withlichksir,

99 1049 242 1120 sondern
258 1071 322 1116 ron
337 1050 462 1117 blosser
474 1049 703 1134 Vorstellung“
724 1069 798 1134 pag.
816 1046 880 1135 18).
916 1052 959 1116 At
973 1050 1072 1118 verbo
1086 1049 1221 1133 νομίζω,

100 1147 240 1231 ἐλπίζω,
263 1148 398 1231 similia,
430 1148 471 1214 de
493 1148 606 1232 quibus
628 1149 747 1232 agitur,
781 1167 908 1232 semper
929 1147 972 1214 ad
994 1168 1045 1215 res
1067 1154 1221 1233 spectant,

100 1267 185 1332 quae
216 1252 324 1314 mente
351 1244 487 1330 alicujus
515 1245 722 1330 effinguntur:
759 1267 823 1312 non
856 1253 946 1312 curat
967 1247 1116 1331 scriptor,
1150 1266 1222 1312 con·

99 1352 260 1430 gruantne
282 1343 345 1410 hae
365 1344 573 1428 cogitationes
595 1363 786 1410 cumrerum
802 1351 1045 1411 eventunecne.
1073 1343 1126 1410 Sic
1140 1342 1221 1409 illud

101 1439 183 1509 ὅσον
214 1439 273 1508 οὐκ
297 1440 435 1508 ἐσπλεῖν
457 1438 578 1519 αὐτοὺς
607 1443 660 1520 (ΙΙ,
684 1446 734 1524 94,
761 1446 791 1520 Ι)
819 1463 884 1508 non
906 1462 973 1508 rem
995 1459 1071 1508 vere
1092 1442 1219 1520 factum,

99 1541 159 1610 sed
188 1537 359 1626 'cogitatum
386 1546 511 1606 tantum
539 1540 695 1626 continet3
728 1541 829 1606 nihilo
858 1547 964 1606 autem
995 1540 1098 1605 minus
1119 1538 1222 1604 inlini·

98 1639 186 1706 tirus
207 1645 294 1706 curet
314 1639 430 1704 vocula
452 1634 501 1702 dr.
544 1638 761 1704 Insistendum
792 1638 889 1722 igitur
916 1644 994 1722 puto
1015 1638 1049 1702 in
1071 1637 1221 1721 opinione

98 1739 248 1820 vulgato:
284 1735 474 1801 infinitivum
496 1736 692 1819 praesentis,
720 1735 867 1819 perlecti,
890 1736 1001 1801 consti
1021 1735 1056 1800 in
1079 1735 1222 1800 oratione

100 1834 231 1918 obliqua
258 1833 418 1916 conjungi·
438 1852 509 1898 oum
532 1830 589 1913 dv,
612 1834 667 1898 ubi
690 1833 766 1916 quid
788 1834 892 1899 lenius
914 1833 1091 1918 proferatur
1113 1833 1220 1899 mode-

100 1933 182 1998 stiae
203 1932 255 1998 vel
279 1929 453 2014 εἰρωνείας
475 1950 581 1996 cause.

185 2029 284 2094 Aliud
307 2035 356 2096 esi
377 2048 478 2112 genus
500 2028 647 2094 infinitivi
670 2047 744 2094 cum*
763 2025 813 2111 dr,
838 2029 900 2112 qui,
925 2029 1068 2095 oratione
1083 2034 1172 2095 recta
1186 2029 1220 2094 in

99 2127 263 2211 obliquam
292 2146 402 2207 versa,
435 2147 493 2210 pro
521 2126 696 2192 indicativo
722 2128 886 2210 praeteriti
909 2131 1061 2212 temporIs
1084 2150 1155 2196 oum
1178 2125 1218 2194 ἄν

97 2225 229 2312 ponitur
251 2223 299 2301 (cl.
323 2223 423 2288 Thuo.
446 2223 535 2305 VIII,
559 2227 588 2306 2,
615 2230 641 2287 1.
672 2225 709 2305 V,
734 2228 784 2302 46,
808 2229 836 2290 3.
865 2225 925 2307 ΙΙΙ,
952 2231 999 2304 11,
1024 2231 1053 2308 2,
1076 2227 1219 2311 pessima

184 2322 357 2405 Postquam
379 2325 557 2403 temporum
579 2320 727 2384 infinitivi
749 2341 840 2386 usum
862 2323 895 2388 in
911 2327 1095 2390 universum
1110 2324 1219 2389 adum-

97 2420 272 2501 bravimus,
289 2417 492 2501 congerenda
504 2425 577 2483 sunt
591 2419 741 2502 exempla
751 2419 962 2504 Thucydideo
974 2429 1005 2488 et
1015 2421 1218 2506 explicanda,

97 2519 154 2584 ubi
182 2538 203 2583 a
234 2517 346 2600 regula
367 2515 518 2581 videntur
545 2517 704 2582 aberrare.
723 2585 730 2603 χ
748 2517 790 2582 ΕΙ
820 2517 904 2584 hano
936 2519 1063 2603 quidem
1094 2523 1218 2605 purtem

98 2614 325 2699 disputationis
346 2635 411 2680 non
434 2635 497 2679 uno
520 2633 651 2697 corpore
673 2615 947 2698 complectendam
962 2619 1083 2702 putavi,
1107 2618 1164 2685 scd
1180 2637 1218 2685 eo

98 2713 212 2779 ordine
244 2711 494 2795 disponendam,
523 2718 558 2777 ut
586 2711 722 2795 primum
746 2712 786 2778 de
808 2713 945 2798 simplici
967 2714 1116 2782 infinitivi
1139 2722 1217 2782 stru-

97 2819 189 2880 ctura
210 2809 330 2892 diuum,
360 2809 476 2876 deinde
499 2809 540 2876 de
562 2811 743 2876 accusativo
767 2831 837 2876 cum
859 2811 1015 2880 infinitivo
1038 2813 1218 2898 conjuncto,

97 2915 165 2974 tum
189 2908 229 2974 de
251 2908 432 2973 accusativo
455 2927 525 2973 cum
547 2906 704 2973 infinitivo
728 2928 767 2975 ex
789 2910 942 2993 analogia
963 2918 1048 2994 orto,
1080 2911 1217 2994 denique

99 3007 140 3073 de
161 3005 317 3071 infinitivo
339 3004 471 3072 articulo
494 3010 616 3070 ornato.

190 3223 209 3300 ξ
232 3224 260 3286 4.
305 3221 365 3286 DI]
388 3219 577 3288 SIMPLIOI
598 3223 830 3289 ΙΝΙῚΝΙΤΙΙΙΙ
852 3221 1118 3292 STRUOTURA.

182 3393 222 3456 In
250 3391 387 3474 simplici
416 3390 565 3457 infinitivi
593 3399 751 3459 structure
773 3393 854 3460 duas
875 3401 999 3460 tantum
1022 3394 1139 3460 formas
1161 3395 1217 3461 ad-

98 3489 199 3556 hiberi
232 3507 342 3573 posse,
376 3495 431 3554 aut
464 3491 641 3574 praesentis
670 3492 733 3570 (vel
767 3492 911 3576 perlecti)
941 3499 997 3557 aut
1027 3492 1135 3558 aoristi
1169 3493 1215 3558 in-

98 3586 262 3668 finitivum,
280 3586 350 3670 jam
374 3607 471 3671 supra
484 3586 638 3672 vidimus3
661 3588 738 3671 quid
759 3610 835 3656 vero
849 3589 934 3655 inter
948 3590 1109 3673 utriusque
1124 3611 1214 3658 usum

97 3683 238 3764 intersit,
263 3685 341 3750 satis
364 3703 381 3750 e
404 3691 518 3750 nutura
539 3691 716 3770 temporum
739 3694 890 3770 apparet,
914 3694 948 3752 ut
969 3688 1050 3752 nihil
1073 3709 1152 3773 opus
1174 3691 1215 3756 sit

97 3782 196 3847 verbe
228 3781 333 3848 lacere
367 3781 407 3850 de
439 3783 558 3848 talibus
586 3784 680 3850 locis:
712 3783 878 3868 βούλομαι
908 3782 1006 3866 ἄρξαι
1036 3787 1214 3871 (imperium
1264 3805 1267 3810 ·

98 3879 267 3964 suscipere,
283 3880 383 3946 Thur.
405 3879 443 3960 V,
461 3882 513 3955 91)
529 3886 561 3945 et
576 3878 754 3964 ἐβούλοντο
771 3879 885 3966 ἄρχειν
900 3883 1079 3967 (imperium
1094 3905 1213 3968 gerere,

99 3977 185 4061 vlll,
208 3979 258 4059 91,
283 3981 324 4058 3),
347 3975 532 4062 πειράομαι
555 3983 693 4045 πείθειν
716 3979 874 4059 (suadere)
897 3981 956 4061 ΙΙΙ,
981 3986 1031 4060 54,
1057 3988 1121 4050 ret
1135 3989 1215 4068 βον-

99 4072 237 4158 Ιόμενος
259 4085 377 4140 πεῖσαι
401 4074 618 4158 (persuadere)
642 4078 700 4160 Ill,
724 4083 775 4158 42,
799 4082 827 4142 2.
872 4080 1023 4146 Attamen
1046 4102 1110 4147 non
1133 4099 1213 4146 sem·
