3028 4928
838 397 876 460 tt

294 573 464 640 dicendum
500 574 574 652 erit,
611 571 750 658 probant
782 571 878 658 χράα
908 573 1044 656 aliisque
1072 572 1271 640 vaticinandi
1307 573 1418 640 verbis

292 672 383 738 illam
413 673 477 736 vim
506 673 622 738 inesse.
673 671 786 754 Neque
815 671 970 755 exceptio,
1001 691 1095 754 quam
1126 671 1205 754 dico,
1239 671 1298 754 III,
1321 674 1373 750 96,
1400 677 1414 736 1

291 769 444 856 χρησθὲν
467 766 556 856 αὐτῷ
579 768 615 837 ἐν
638 773 753 853 Νεμέᾳ
781 774 879 832 ταῦτα
907 773 1037 834 παθεῖν
1067 775 1121 846 (so.
1145 765 1367 846 ἀποθανεῖν),
1396 789 1418 836 a

293 865 405 950 regula
426 866 612 951 principali,
642 865 686 930 ad
713 884 807 948 quam
836 865 984 932 infinitivi
1013 887 1104 932 usum
1133 865 1335 950 dirigendum
1362 886 1417 933 ex·

293 963 489 1044 intimamus,
521 963 666 1030 discedit.
711 963 795 1028 Nam
824 964 898 1030 licet
909 981 912 988 ’
916 963 1052 1047 jubendi
1074 964 1155 1030 nihil
1177 965 1210 1028 in
1233 965 1294 1030 hac
1317 984 1417 1033 enun-

293 1060 427 1126 tiatione
454 1061 545 1142 insit,
583 1067 691 1125 tamen
725 1081 782 1143 pro
810 1060 914 1126 futuro
949 1083 1015 1127 non
1043 1068 1091 1127 est
1118 1063 1240 1145 positus
1268 1063 1415 1142 acrisius,

293 1164 463 1243 propterea
496 1157 580 1240 quod
613 1157 732 1242 pendet
760 1177 778 1222 e
806 1158 902 1224 simili
929 1160 1059 1225 notione
1091 1158 1289 1238 destinandi,
1323 1161 1417 1243 quasi

296 1255 414 1322 dictum
436 1263 536 1322 esset:
574 1254 797 1339 ,,εῖμαρμέναν
820 1245 859 1344 ἦν
880 1253 972 1342 αὐτῷ
994 1257 1091 1322 τοῦτο
1113 1257 1277 1322 παθεῖν.“
1313 1257 1416 1324 Plane

294 1353 391 1436 igitur
404 1352 550 1436 congruit
571 1353 623 1420 hic
643 1353 734 1418 locus
756 1373 827 1418 eum
843 1373 890 1436 co,
915 1355 968 1436 qni
990 1355 1106 1438 legitur
1119 1355 1207 1438 apud
1222 1355 1416 1438 Sophoclem

294 1451 329 1516 in
351 1447 518 1534 Oedipode
539 1451 628 1534 Rege
653 1447 761 1535 (llllr

419 1580 571 1668 χρησμὸς
593 1579 655 1666 γὰρ
679 1569 766 1668 ἦλθε
790 1583 893 1668 Λαΐῳ
915 1583 998 1648 ποτὲ
1022 1633 1030 1648 .
1054 1632 1062 1647 .
1086 1631 1104 1664 .,

421 1674 467 1756 ὥς
490 1675 589 1744 αὐτὸν
606 1675 682 1764 ἥξοι
705 1674 919 1762 (Schneidew.
947 1679 1032 1764 ἕξοι)
1054 1691 1157 1764 μοῖρα
1176 1679 1263 1764 πρὸς
1288 1679 1415 1758 παιδὸς

1105 1781 1236 1860 θανεῖν,

293 1895 355 1962 nisi
385 1893 471 1978 quod
500 1893 708 1978 Thucydides
738 1893 867 1960 brevius
896 1903 944 1963 est
971 1893 1104 1962 locutus.
1149 1896 1214 1962 Sed
1237 1897 1414 1984 Sophocles

292 1993 364 2078 ipse
386 1991 466 2058 Oed.
489 1990 557 2058 Col.
579 2011 609 2056 v.
634 1993 695 2056 969

701 2108 735 2175 εἴ
754 2133 787 2174 τι
809 2112 987 2196 θέσφατον
1010 2111 1113 2196 πατρὶ

420 2219 621 2294 χρησμοῖσιν
644 2203 784 2290 ἱκνεῖθ’,
808 2203 890 2284 cdere
912 2207 999 2291 πρὸς
1021 2207 1154 2274 παίδων
1177 2213 1297 2276 θανεῖν

294 2351 471 2417 breviorem
495 2351 665 2435 eloquendi
688 2351 816 2416 modum
838 2350 996 2428 adhibuit,
1020 2353 1213 2436 omninoque
1235 2354 1410 2442 θέσφατόν

294 2445 385 2514 ἐστιν
409 2457 440 2514 et
460 2449 543 2514 alias
565 2448 763 2514 vaticinandi
785 2447 938 2514 formulas
959 2450 1146 2532 saepissime
1162 2472 1181 2516 a
1197 2451 1329 2520 Graecis
1344 2473 1409 2520 cnm

288 2545 402 2635 aoristi
434 2547 486 2612 vel
525 2547 705 2631 praesentis
737 2545 893 2610 infinitivo
926 2547 1078 2630 conjungi
1109 2549 1187 2614 satis
1218 2558 1330 2616 notum
1366 2560 1410 2619 est

295 2638 348 2724 (cl.
370 2641 463 2706 Hom.
488 2641 506 2706 d
530 2647 601 2712 561.
627 2669 645 2708 κ
669 2640 757 2728 473).
800 2643 838 2706 Id
865 2663 941 2708 vero
969 2645 1168 2726 potissimum
1197 2655 1339 2714 nostram
1361 2669 1409 2716 ex·

293 2737 499 2824 plicationem
537 2739 753 2822 commendat,
792 2740 876 2822 quod
915 2737 997 2818 ιὸςεε
1033 2741 1161 2808 additur
1188 2745 1346 2813 infinitivo
1381 2755 1409 2814 et

295 2835 421 2902 dativus
451 2857 521 2902 cum
552 2837 649 2903 verbo
679 2843 811 2920 regente
840 2839 1019 2924 copulatur:
1055 2859 1131 2904 nam
1160 2843 1187 2907 si
1217 2842 1310 2928 χράω
1339 2864 1408 2911 vere

294 2941 378 3000 csset
399 2934 533 3026 verbum
563 2933 704 3017 dicendi,
740 2935 825 3018 quod
847 2937 1018 3002 Floeckins
1048 2941 1132 3020 (pag.
1156 2941 1208 3016 30)
1238 2942 1406 3022 contendit,

293 3034 508 3098 accusativum
531 3052 601 3099 oum
622 3032 779 3100 infinitivo
801 3033 942 3116 recipcre
964 3033 1104 3100 deberet.

324 3337 343 3414 ξ
368 3343 396 3400 6.
440 3337 498 3404 Du
521 3335 969 3502 ΑΟΟΙΙΞΑΤΙέἓΤῧὲΙέΙέΤ
978 3339 1054 3418 QUI
1075 3337 1136 3406 EX
1157 3341 1381 3409 ANALOGIA

378 3587 553 3670 Pergamus
564 3587 634 3670 jam
649 3586 692 3652 ud
708 3607 779 3653 eam
793 3586 942 3654 infinitivi
956 3595 1155 3672 structuram,
1177 3591 1212 3657 in
1227 3613 1290 3676 qua
1304 3595 1409 3660 nullus

295 3689 344 3748 cst
365 3704 467 3751 noxus
488 3685 571 3750 inter
593 3685 725 3751 verbum
747 3703 862 3768 regens
885 3692 917 3752 et
943 3688 1158 3754 accusativum
1186 3689 1336 3774 subjecti,
1367 3693 1409 3758 in-

294 3777 434 3846 finitivus
455 3789 562 3848 autem
585 3789 703 3848 certum
726 3787 851 3866 tempus
873 3804 937 3848 non
959 3785 1090 3863 indicat,
1112 3785 1159 3851 ita
1180 3793 1215 3852 ut
1236 3788 1372 3874 perinde
1391 3810 1410 3855 a

295 3877 433 3960 simplici
446 3878 602 3945 infinitivo
617 3887 713 3963 atque
726 3901 747 3946 a
761 3881 901 3964 genuino
916 3884 1096 3948 accusativo
1111 3903 1182 3948 cnm
1197 3885 1253 3950 inl.
1270 3885 1409 3954 differat:

195 3995 201 4000 ·
295 3973 334 4057 V,
358 3977 398 4040 90
424 3973 588 4060 χρήσιμον
616 3977 661 4064 μὴ
692 3975 867 4044 καταλύειν
888 3974 974 4060 ὑμᾶς
995 4015 1037 4026 -
1060 3975 1147 4046 εἶναι
1169 3981 1209 4046 τὰ
1232 3981 1348 4048 εἰκότα
1370 4021 1409 4030 -
