3050 4932
671 437 689 521 5

115 635 149 720 1)
172 637 392 718 indicativum,
417 635 450 722 2)
475 636 643 722 conjunct,
667 635 701 721 3)
726 645 839 722 optat,
863 643 893 717 4)
908 639 1067 725 imperat,
1092 640 1126 726 5)
1142 649 1236 726 part,

200 733 234 820 6)
250 733 349 814 infin,
372 733 405 819 7)
422 735 583 819 praeterit.
607 731 865 820 (imperfectum),

113 853 133 900 e
154 831 221 916 λαβ
235 852 311 899 vero
326 852 385 899 sex
400 850 584 899 emanasse:

115 929 149 1016 1)
166 931 338 1014 conjunct,
362 927 523 1014 2){optat.‚
547 929 581 1016 3)
597 932 754 1016 imperat,
771 929 805 1017 4)
823 939 915 1017 part,
932 931 965 1016 t)
979 931 1079 1018 infin,
1096 934 1130 1021 6)
1146 957 1238 1021 prae·

198 1028 280 1094 terit.
304 1025 416 1112 (indic.
438 1029 530 1114 aor.).
1233 1027 1235 1040 “

111 1129 214 1194 Deest
239 1127 335 1210 igitur
355 1127 473 1192 aoristo
496 1127 633 1211 simplex
653 1126 862 1212 indicativus,
892 1130 962 1196 sine
983 1135 1155 1212 augmento
1177 1131 1238 1198 ior·

110 1233 233 1306 matus,
263 1227 313 1290 eui
338 1225 515 1290 Ahrcnsius
536 1226 687 1308 primario
707 1245 826 1292 nomen
848 1226 951 1306 dedit,
974 1245 1078 1309 neque
1108 1227 1237 1296 difficile

111 1330 162 1390 est
191 1343 320 1389 causam
348 1323 444 1406 hujus
472 1323 518 1388 rei
546 1323 758 1404 investigare:
792 1343 867 1389 nam
897 1325 924 1390 si
946 1325 1132 1409 primarium
1153 1325 1237 1392 illud

109 1423 281 1488 formatum
303 1426 402 1501 esset,
425 1419 558 1486 Graecis
579 1427 665 1487 esset
685 1421 821 1488 actionis
842 1429 1089 1489 momentaneae
1110 1429 1237 1508 tempus

109 1539 276 1606 praesens,
298 1538 319 1583 a
341 1539 403 1602 quo
424 1518 497 1603 ipsc
517 1525 634 1583 natura
654 1517 750 1602 hujus
765 1520 900 1586 actionis
920 1539 1051 1605 prorsus
1073 1520 1235 1586 abhorret.

109 1617 202 1696 Quae
216 1623 251 1680 ut
265 1616 410 1700 pluribus
430 1636 600 1700 exponam,
622 1617 719 1682 liceat
733 1616 811 1681 mihi
825 1619 1038 1684 recentiorum
1053 1617 1236 1700 linguarum

109 1735 203 1781 usum
232 1733 303 1779 oum
332 1732 480 1780 sermone
502 1733 617 1796 graeco
639 1715 800 1790 conferre,
830 1714 901 1780 dico
929 1716 1057 1803 linguas
1086 1716 1234 1799 slavicae,

110 1833 191 1895 quas
224 1811 369 1878 Piublius
405 1805 525 1894 'optimo
553 1811 627 1894 jure
659 1810 702 1876 ad
740 1812 851 1877 aoristi
882 1833 973 1878 usum
1007 1813 1234 1896 explicandum

109 1910 274 1992 adhibuit,
307 1929 378 1975 oum
411 1909 472 1974 bao
504 1909 538 1975 in
572 1927 606 1972 re
640 1907 799 1990 insignem
827 1909 1069 1976 similitudinem
1097 1930 1234 1992 graecae

108 2009 242 2092 linguae
263 2026 342 2091 prae
364 2027 399 2073 se
420 2007 533 2072 ierant.
570 2007 655 2071 Nam
677 2013 708 2071 et
730 2007 842 2071 siavici
864 2007 1010 2073 homines
1032 2027 1099 2073 rem
1116 2007 1235 2076 diutius

110 2105 277 2171 durantem
293 2105 346 2169 vel
367 2105 496 2187 saepius
517 2103 684 2187 repetitam
700 2105 754 2168 vel
775 2104 959 2170 inchoatam
981 2123 1127 2187 quaeque
1142 2105 1234 2172 tarde

108 2197 264 2286 procedit,
288 2202 330 2268 ab
353 2220 401 2281 ea,
425 2222 520 2284 quam
534 2208 792 2266 momentaneam
809 2201 953 2280 dicimus,
978 2202 1172 2286 discernunt,
1189 2204 1234 2268 ita

108 2299 240 2382 quidem
261 2307 296 2362 ut
317 2317 407 2363 suam
429 2299 542 2379 cuique
565 2297 695 2380 stirpem
716 2299 857 2362 tribuant
872 2305 927 2363 aut
942 2301 1118 2383 composita
1132 2300 1234 2365 verba

106 2417 167 2481 pro
189 2394 282 2460 novis
304 2394 455 2462 thematis
477 2401 645 2480 usurpent;
668 2395 724 2459 sed
748 2395 782 2459 in
797 2414 834 2460 eo
849 2395 989 2462 maxime
1004 2417 1024 2460 a
1040 2395 1232 2462 Graecorum

107 2492 340 2560 consuetudine
374 2492 564 2574 deflectunt,
598 2491 683 2574 quod
699 2513 738 2584 a
774 2493 886 2574 quovis
919 2492 1018 2558 verbo
1046 2493 1232 2577 primarium

108 2592 283 2658 declinant.
328 2591 466 2656 Exstant
488 2590 583 2673 igitur
604 2590 637 2654 in
660 2589 725 2654 illis
747 2590 866 2672 linguis
887 2590 1040 2676 primaria
1061 2592 1231 2657 verborum

106 2697 418 2769 momentaneorum‚
448 2687 507 2754 sed
534 2686 648 2753 eadem
670 2707 842 2770 numquam
873 2687 916 2753 ad
938 2708 1006 2754 rem
1027 2698 1231 2772 praesentem

106 2786 297 2867 referuntur,
320 2804 446 2869 semper
468 2785 511 2851 ad
532 2785 672 2850 futurum
694 2793 850 2868 spectant.
894 2785 1061 2867 Nimirum,
1085 2807 1156 2850 cum
1179 2807 1231 2852 res

107 2890 296 2968 praesentes
323 2903 450 2967 semper
481 2884 608 2966 longius
637 2882 789 2948 durrantes
817 2884 924 2948 animo
946 2884 1039 2948 nobis
1061 2882 1229 2966 fingamus,

107 2983 208 3047 verba
228 2988 453 3048 momentanea
473 2981 517 3046 ad
538 2982 723 3063 praesentia
745 2981 955 3064 exprimenda
976 3001 1042 3046 non
1064 2987 1142 3062 apta
1157 2988 1230 3046 sunt

107 3081 244 3162 ideoque
265 3098 399 3144 necesse
427 3085 490 3159 est,
519 3085 554 3142 ut
575 3084 631 3143 aut
652 3079 695 3144 ad
717 3079 891 3162 praeterita
913 3079 1033 3143 autad
1055 3076 1161 3142 futura
1182 3097 1229 3143 ro-

106 3177 257 3243 ierantur.
301 3177 415 3259 Atqui,
448 3177 523 3259 quia
544 3177 750 3259 praeteritum
772 3175 1147 3242 momentaneum'oertis
1169 3175 1229 3240 ior·
1306 3191 1311 3200 ·

107 3275 168 3340 mis
191 3274 269 3340 satis
291 3273 467 3338 indicatum
490 3281 567 3355 erat,
592 3274 714 3340 scilieet
735 3273 845 3338 aoristi
860 3273 1036 3338 indicativo
1052 3291 1072 3336 a
1087 3271 1228 3351 Graecis,

107 3371 289 3456 perfectivis
318 3391 401 3454 quae
422 3378 574 3436 vocantur
604 3372 785 3455 praeteritis
806 3391 827 3436 a
848 3369 1053 3450 Slavonibus,
1076 3370 1228 3453 primaria
1276 3367 1279 3374 ’

106 3471 166 3536 illa
186 3469 282 3534 futuri
303 3475 427 3534 tantum
449 3469 519 3534 vice
541 3469 630 3552 fungi
652 3474 801 3552 poterant
823 3467 921 3534 etita
943 3465 1082 3550 quidem,
1104 3473 1227 3533 utrem

105 3568 247 3650 aliquam
275 3573 531 3632 momentaneam
558 3567 697 3632 futuram
718 3564 906 3630 indicarent.
915 3566 935 3641 ¹)
972 3563 1057 3644 Quid
1078 3565 1226 3650 sentiam,

107 3665 228 3731 docebo
262 3665 410 3748 exemplo
445 3665 656 3732 eRussorum
689 3663 801 3746 lingua
832 3662 941 3746 petito.
985 3664 1014 3727 A
1042 3661 1150 3729 radice
1179 3663 1227 3728 da

106 3761 211 3848 (dare)
235 3761 298 3828 duo
320 3769 394 3828 sunt
415 3761 558 3827 themata
579 3761 730 3846 profecta,
754 3780 886 3844 quorum
910 3779 950 3825 ex
971 3759 1073 3825 altero
1089 3759 1227 3826 deducta

106 3915 310 3926 ——-—-

175 3991 194 4056 ¹)
212 3987 328 4044 Prorsus
341 3987 455 4044 eundem
468 4004 546 4044 usum
559 3987 686 4058 loquendi
695 3987 845 4044 Gothorum
859 3985 944 4042 fuisse
957 3987 1097 4056 proprium
1105 3985 1226 4041 Jacobus

107 4069 210 4126 Grimm
228 4068 356 4125 ostendit:
375 4067 514 4124 Deutsche
532 4068 649 4122 Gramm.
666 4067 705 4122 IV
722 4083 782 4136 pag.
804 4071 851 4121 176
871 4083 927 4135 sqq.
