3050 4932
850 445 888 508 12

307 623 531 710 Thucydidem
553 624 579 705 Ι,
605 626 675 703 127,
699 629 719 688 4
741 628 870 690 παθεῖν
894 617 934 688 ἂν
956 659 997 670 -
1019 621 1137 706 οἴσειν,
1160 623 1203 703 ΙΙ,
1228 627 1279 704 ol,
1303 628 1322 687 4
1344 629 1430 706 με’μ-

306 717 408 807 ψαιτ’
433 716 473 788 ἂν
489 757 529 768 --
546 718 745 807 ζηλώσει-
760 719 943 807 φθονήσει,
966 721 1004 799 V,
1025 723 1083 787 108
1096 715 1145 786 'div
1168 719 1428 805 ἐγχωρίσασθαι

306 831 502 902 -νομιεῖν,
526 820 580 901 VI,
604 824 688 902 50,1
714 813 754 884 dv
777 814 815 884 οὗ
838 818 1008 899 δέξασθαι
1022 819 1257 902 -ιιαρέξεινς
1278 826 1347 886 tum
1369 838 1429 885 ex·

306 919 406 1002 ponit,
423 918 500 1002 qnid
513 917 639 984 intersit
651 918 736 983 inter
750 917 908 982 actionem
922 925 1180 984 momentaneam
1195 915 1424 1001 etdurantem;

307 1015 455 1098 denique,
478 1016 562 1098 quod
584 1015 716 1082 maximi
738 1021 786 1082 est
807 1016 975 1097 momenti,
999 1015 1100 1082 exiis
1123 1035 1205 1097 quae
1227 1015 1333 1079 attulit
1354 1035 1429 1098 pro·

307 1116 419 1200 positis
434 1113 518 1180 hane
533 1115 769 1180 conclusionem
781 1113 917 1179 eonfeoit
932 1119 1017 1196 (pag.
1029 1110 1098 1196 1e):
1115 1113 1180 1195 „Es
1195 1113 1236 1178 ist
1246 1113 1333 1202 sklar,
1348 1111 1429 1178 dass

306 1231 402 1278 wenn
424 1218 517 1278 unter
539 1211 596 1278 der
617 1213 711 1278 einen
734 1211 812 1276 oder
827 1210 884 1276 der
898 1209 1022 1278 andern
1033 1211 1129 1294 jener
1143 1209 1432 1292 Veranlassungen

307 1309 360 1376 die
380 1309 470 1376 Rede
491 1307 702 1392 nothwendig
724 1309 819 1374 einen
833 1308 941 1376 Aorist
962 1309 1020 1372 mit
1041 1303 1081 1374 ἄν
1104 1307 1288 1390 erforderte,
1312 1307 1371 1374 das
1388 1303 1431 1371 dv

305 1410 340 1488 in
364 1409 474 1476 dienen
488 1407 605 1473 Fallen
626 1407 677 1470 ltr
698 1405 762 1472 den
777 1405 959 1472 Gedanken
981 1407 1069 1472 nieht
1089 1407 1234 1490 augleioh
1256 1405 1339 1470 nooh
1355 1405 1433 1472 eine

306 1505 428 1572 andere
449 1507 609 1586 Wirkung
636 1504 743 1570 haben
765 1505 856 1570 kann
877 1505 928 1570 als
950 1503 1054 1588 einzig
1076 1504 1145 1587 die,
1164 1503 1228 1587 die
1248 1503 1431 1586 Handlung

307 1604 364 1671 der
385 1603 529 1670 Zukunlt
556 1603 763 1668 zuzuweisen.
807 1603 851 1668 Εε
879 1604 969 1668 kann
997 1603 1066 1668 also
1093 1603 1127 1666 in
1155 1601 1297 1668 solohem
1318 1601 1431 1666 Aonist

300 1705 364 1778 ,mit
386 1698 426 1766 dv
455 1701 554 1766 sehon
577 1699 711 1766 deshalb
734 1699 822 1765 nieht
843 1700 1004 1782 zugleioh,
1034 1699 1095 1765 wie
1116 1720 1193 1764 man
1214 1698 1353 1764 vieltaeh
1374 1718 1431 1781 ge·

306 1799 484 1880 wollt-hat,
508 1797 579 1864 eine
601 1819 644 1862 an
666 1799 739 1864 eine
760 1797 1020 1880 versohwiegene
1034 1797 1227 1880 Bedingnng
1248 1796 1430 1880 geknupfte

245 1976 247 1980 ¹
306 1896 516 1980 Megliehkeit
553 1895 631 1960 oder
664 1895 715 1960 ein
748 1896 953 1962 zwetlelndes
988 1895 1112 1961 Urtheil
1146 1895 1313 1960 euthalten
1345 1897 1428 1960 sein.

305 1994 396 2062 Anoh
419 1973 536 2074 lassen,
560 1992 684 2059 sokeint
698 1994 767 2074 mir,
791 1993 951 2058 deutliohe
967 1992 1091 2058 Stellen
1107 1991 1217 2057 solohe
1231 1992 1429 2076 Auffassung

307 2091 364 2158 der
394 2091 571 2172 tragliohen
603 2089 793 2156 Redeweise
825 2090 914 2156 nieht
943 2111 990 2156 zu.
1036 2084 1080 2154 'In
1113 2089 1185 2154 dem
1217 2087 1336 2154 Munde
1368 2089 1428 2156 der

305 2189 481 2255 Messenier
504 2187 522 2267 ζ
544 2191 593 2268 50,
611 2191 647 2252 2:
671 2182 895 2271 ἀπεκρίναντο
918 2185 1019 2252 πόλει
1040 2187 1101 2268 μὲν
1126 2181 1165 2250 dv
1188 2182 1227 2250 οὐ
1245 2186 1424 2269 δέξασθαι,

305 2289 397 2352 kann
418 2307 479 2350 nur
500 2285 573 2350 eine
587 2285 769 2351 bestimmte
783 2287 930 2350 Antwort
943 2305 1072 2369 passen,
1091 2283 1161 2349 ¹und
1175 2284 1225 2348 ftlr
1240 2283 1303 2350 den
1318 2285 1426 2350 Kleon

305 2385 387 2451 wird
408 2403 484 2448 man
506 2383 588 2448 aueh
611 2383 644 2448 in
666 2405 685 2468 y
709 2385 759 2460 38,
782 2386 800 2448 3
823 2384 912 2450 nieht
933 2383 1053 2466 gerade
1075 2381 1255 2447 mildemde
1276 2382 1426 2450 Besehei·

306 2482 438 2548 denheit
451 2482 570 2546 suehen
586 2481 712 2546 wellen.
749 2480 888 2560 Ebenso,
911 2481 1005 2546 sollte
1019 2501 1095 2544 man
1109 2479 1259 2562 glauben,
1283 2489 1427 2546 mdesten

306 2605 327 2644 α
346 2583 415 2660 127,
439 2582 520 2641 2-4
545 2577 597 2643 die
613 2576 808 2643 Oorrelative
822 2584 1037 2656 τοσοῦτον-
1050 2573 1139 2658 ὅσον,
1156 2597 1251 2664 uenn
1267 2577 1326 2644 dae
1342 2579 1426 2661 eine,

305 2677 386 2744 auoh
421 2675 478 2740 das
509 2673 630 2740 andere
665 2673 841 2740 denselben
873 2674 1016 2758 geraden
1045 2665 1216 2740 Auedruok
1245 2677 1329 2742 naoh
1357 2678 1427 2742 sieh

304 2771 449 2840 ziehen.“
499 2771 564 2836 Sed
592 2791 720 2853 vereor,
749 2792 791 2838 ne
818 2771 989 2838 infirmiore
1017 2772 1226 2838 fundamento
1254 2773 1425 2842 Herbstius

304 2874 435 2938 nitatur.
471 2872 518 2934 Ao
539 2871 675 2954 primum
698 2869 827 2951 quidem
849 2889 900 2936 res
923 2871 1025 2936 estin
1046 2873 1168 2935 nullam
1193 2871 1426 2938 dubitationem

304 2977 435 3050 voeata,
465 2967 585 3032 nudum
615 2987 739 3050 quoque
767 2969 919 3033 aoristum
948 2989 1043 3051 posse
1071 2969 1180 3035 referri
1200 2968 1244 3034 ad
1265 2969 1425 3035 actionem

268 3090 270 3096 ·
304 3067 442 3132 futuram
474 3068 771 3141 momentaneam.⁴)
816 3065 900 3144 Quid
934 3073 982 3131 est
1009 3067 1104 3149 igitur
1132 3084 1263 3146 eaesae,
1298 3088 1353 3132 eur
1384 3065 1424 3132 dv

303 3164 460 3230 infinitivo
493 3161 653 3251 addatur?
696 3165 812 3230 Nonne
844 3163 1035 3246 superfluum
1069 3164 1141 3229 est?
1182 3167 1225 3228 At
1256 3165 1425 3233 Herbstius

305 3269 391 3346 (pag.
416 3267 467 3338 17)
490 3261 663 3342 eontendit,
686 3261 806 3326 nudum
829 3261 981 3326 aoristum
996 3282 1054 3344 pro
1069 3261 1174 3326 futuro
1189 3263 1345 3346 usurpari,
1368 3265 1424 3329 ubi

290 3361 392 3446 ,notio
414 3361 509 3424 futuri
527 3359 597 3443 Jam
619 3359 696 3424 satis
718 3359 859 3424 indicata
881 3366 937 3441 est,
961 3366 995 3424 ut
1017 3357 1191 3424 infinitivus
1212 3380 1363 3442 perverse
1377 3363 1424 3425 in-

305 3460 416 3540 tellegi
437 3465 586 3539 nequeat,
610 3457 729 3523 seilieet
751 3465 823 3542 post
844 3457 944 3522 verba
966 3463 997 3521 et
1019 3457 1180 3538 formulae,
1204 3476 1286 3538 quae
1308 3466 1421 3541 suapte

304 3563 420 3620 natura
441 3555 484 3620 ad
505 3575 572 3620 rem
587 3555 724 3620 futuram
739 3561 884 3638 spectent
907 3559 952 3631 (ut
968 3551 1143 3629 εὐέλπιδες
1159 3549 1263 3636 ὄντες,
1288 3553 1422 3621 διάνοια

304 3642 354 3739 ἦν,
383 3653 603 3736 λογίζεσθαι),
628 3659 683 3717 aut
703 3653 758 3716 ubi
780 3653 931 3718 aoiistum
950 3651 1020 3734 jam
1043 3653 1252 3734 praecesserit
1273 3653 1421 3718 futurum.

303 3750 370 3818 Sed
392 3748 539 3828 ἐλπίζειν
562 3750 650 3816 haud
671 3751 775 3816 minue
791 3770 885 3832 quam
901 3749 983 3815 illud
998 3745 1173 3824 εὐέλπιδες
1189 3745 1283 3826 ὄντες
1298 3751 1341 3816 ad
1356 3772 1423 3818 rem

303 3851 440 3915 futuram
463 3853 594 3929 spectat,
618 3849 719 3912 nihilo
741 3854 848 3912 autem
870 3847 974 3912 minus
996 3849 1071 3912 lieet
1091 3848 1243 3912 aolistum
1266 3868 1422 3914 unacum

372 4059 393 4124 ¹¹)
412 4056 446 4110 cf.
464 4054 577 4110 Herbst:
596 4055 686 4110 Ueber
706 4057 813 4111 Cobet's
828 4055 1041 4134 Emendatiouen
1058 4056 1095 4110 im
1113 4056 1282 4126 Thucydides
1299 4072 1360 4125 pag.
1380 4061 1420 4112 16.
