3050 4932
840 471 859 534 8

289 649 346 717 der
360 647 501 715 infinitiv
522 647 572 714 als
594 647 811 730 erganzendes
832 645 947 730 Objctt
968 647 1140 730 hinzutritt
1163 649 1213 714 alr
1236 645 1415 731 ἐποτρύνω

289 769 327 814 σε
349 744 531 830 μάχεσθαι,
554 743 735 832 πρόθυμον
758 739 854 824 εἶναι,
877 746 919 812 ist
932 745 1018 812 wohl
1040 765 1078 810 zu
1093 744 1341 811 unterscheiden
1358 743 1416 812 die

290 842 510 911 Construction
533 841 590 910 des
613 843 784 926 cigentlich
805 850 1027 925 sogenannten
1050 842 1232 908 Accusativi
1255 841 1415 908 111111111-

288 940 387 1008 tivo.“
424 939 501 1022 Sed,
524 940 610 1023 quod
623 940 721 1006 vaide
739 940 914 1006 dolendum
936 947 993 1022 est,
1009 941 1156 1024 proxima
1170 959 1254 1024 quae
1269 939 1417 1024 sequitur

289 1038 492 1126 paragrapho
515 1038 623 1104 omnia
643 1039 778 1104 miscuit.
822 1039 865 1104 Et
878 1039 1053 1106 verisimile
1075 1037 1203 1120 quidem
1226 1046 1312 1121 puto,
1335 1058 1415 1105 con·

290 1138 506 1218 structionem,
523 1155 606 1220 quae
620 1156 655 1202 re
670 1155 746 1201 vera
762 1142 810 1202 est
824 1137 1024 1202 accusativus
1039 1155 1110 1201 oum
1125 1133 1292 1220 infinitivo,
1309 1142 1415 1201 ortam

290 1253 364 1302 esse
386 1255 427 1302 ex
449 1251 498 1316 aa,
522 1253 604 1316 quae
626 1233 766 1318 speciem
789 1235 891 1300 solam
913 1233 1087 1300 accusativi
1110 1253 1182 1300 cum
1204 1233 1259 1298 ini.
1283 1253 1361 1316 prae
1376 1251 1417 1300 se

193 1379 194 1384 κ
288 1333 359 1414 1111,
383 1329 441 1398 sed
462 1331 496 1396 in
511 1331 569 1396 illa
584 1331 644 1396 hoc
659 1330 858 1414 potissimum
873 1332 950 1396 novi
964 1331 1099 1414 accedit,
1122 1331 1207 1416 quod
1222 1325 1413 1413 infinitivus,

290 1431 345 1516 qui
367 1429 448 1495 nihil
470 1428 560 1494 aliud
583 1435 651 1496 erat
673 1448 767 1510 quam
790 1427 878 1494 nuda
892 1429 983 1496 verbi
1004 1429 1091 1494 notio
1107 1429 1160 1494 vel
1176 1429 1415 1494 substantivum

287 1528 435 1608 verbale,
455 1526 525 1609 jam
546 1527 644 1610 plena
666 1526 893 1592 enuntiationis
915 1529 957 1609 vi,
981 1547 1064 1610 quac
1085 1527 1170 1592 inest
1191 1526 1289 1592 verbo
1311 1525 1414 1610 finito,

289 1633 426 1691 ornatur.
471 1623 574 1702 Quam
597 1623 637 1690 ob
660 1643 727 1689 rem
749 1623 899 1706 quoniam
920 1624 954 1689 in
976 1624 1149 1706 accusativi
1168 1643 1241 1688 cum
1256 1623 1312 1688 inf.
1333 1632 1416 1690 stru-

288 1729 378 1788 ctura
405 1719 580 1786 infinitivus
609 1727 734 1804 tempus
756 1719 941 1804 indicativi,
964 1721 1054 1804 cujus
1082 1721 1185 1794 instar
1206 1721 1330 1806 positus
1353 1731 1415 1807 est,

290 1818 422 1900 indicat,
437 1817 498 1883 hac
513 1824 591 1884 nota
605 1820 764 1901 genuinus
779 1819 982 1884 accusativus
997 1839 1024 1884 c.
1039 1819 1109 1900 ini,
1126 1819 1179 1884 vel
1194 1820 1416 1886 nominativus

291 1935 362 1982 cum
377 1915 443 1998 1111,
460 1915 513 1998 qui
528 1917 587 1981 sub
602 1915 688 1982 idem
703 1936 805 1999 genus
821 1917 916 1997 cadit,
929 1917 971 1982 ab
982 1915 1173 1998 adulterino,
1190 1924 1224 1980 ut
1239 1917 1285 1982 ita
1296 1917 1414 2000 dicam,

291 2014 410 2098 optime
437 2013 670 2079 internoscitur.
715 2014 799 2079 Nam
827 2015 861 2078 in
891 2013 1029 2096 simplici
1050 2012 1224 2092 infinitivo,
1256 2015 1316 2080 etsi
1339 2035 1414 2080 cum

288 2111 471 2177 accusativo
494 2110 712 2194 conjungitur,
742 2109 861 2194 gradus
889 2110 1041 2194 temporis
1063 2111 1116 2176 vel
1138 2117 1315 2194 temporum
1339 2133 1415 2179 con-

290 2209 408 2275 secutio
431 2228 496 2273 non
519 2215 654 2290 curatur,
678 2216 713 2274 ut
736 2208 876 2286 δυνατὸς
898 2210 1026 2294 πρᾶξαι
1049 2208 1160 2284 (Thus
1183 2209 1355 2296 1,128,5)
1380 2220 1417 2277 et

290 2303 431 2382 δυνατὸς
459 2305 567 2388 λέγειν
598 2308 655 2371 καὶ
683 2304 849 2388 πράσσειν
873 2307 1010 2389 (Ι,1,39
1035 2303 1085 2423 4),
1116 2301 1177 2370 κᾶν
1199 2303 1306 2392 ταύταν
1331 2304 1412 2376 οὐδὲ

288 2401 575 2468 καταλύεσθαι”
558 2427 609 2468 ετι
639 2403 740 2468 καλὸν
770 2402 809 2488 (1,
835 2407 885 2487 81,
909 2403 1005 2490 2)11
1034 2405 1072 2468 οὑ
1101 2415 1279 2484 μετασχεῖν
1309 2405 1414 2470 καλὸν

291 2497 448 2582 (vlita
476 2499 524 2584 1),
555 2499 723 2582 ξύμμαχον
747 2526 782 2567 τε
807 2453 928 2568 οὐδένα
950 2499 1191 2582 βουλόμενοι”
1174 2525 1319 2582 εχειν-
1333 2527 1413 2570 οστε

289 2597 564 2681 παρακαλοῦντες
586 2595 811 2678 αἰσχύνεσθαι
834 2597 873 2683 (1,
898 2603 947 2680 37,
965 2596 1237 2681 2)11)90111ομαι
1262 2599 1415 2687 δηλῶσαι

289 2695 325 2776 (Ι,
351 2697 400 2776 73,
420 2691 469 2777 1),
484 2690 650 2779 προδταξε
667 2699 746 2760 θεῖν
763 2693 832 2780 (VI,
852 2701 921 2776 100,
940 2647 971 2778 1)
988 2702 1020 2762 11
1035 2700 1174 2776 κομίσαι
1190 2697 1276 2781 (VII,
1294 2703 1343 2782 29,
1364 2706 1414 2785 1),

288 2787 546 2878 ἀφικνεῖται-
567 2785 585 2854 ὃ
608 2797 806 2907 Παυσανίας
828 2813 870 2883 sc.
888 2829 927 2840 -
944 2791 979 2869 ἐς
998 2787 1239 2878 Ἑλλήσποντον
1260 2795 1301 2858 τὰ
1322 2795 1415 2884 πρὸς

289 2888 432 2972 βασιλέα
455 2885 636 2972 πράγματα
652 2890 830 2974 πράσσειν,
849 2899 884 2955 ut
898 2891 1028 2972 negotia
1043 2911 1114 2956 cum
1129 2911 1204 2974 rege
1219 2895 1416 2976 transigeret

290 2987 327 3067 11,
354 2990 424 3066 1,28
448 2984 551 3071 2)
533 2983 759 3072 11Ἀστυόχιμ
788 2987 1002 3072 παραδοῦναι
1030 2987 1090 3066 τὰς
1119 3013 1199 3067 νανς
1222 2993 1258 3070 ξιι
1241 2992 1412 3076 ιιμπλέιον,

289 3088 358 3148 1111
345 3082 487 3147 traderet
509 3084 645 3149 classem
669 3083 771 3168 (Vnt
795 3089 844 3166 29,
867 3083 918 3169 2),
946 3082 1163 3173 Ἀλκιβιάδης
1186 3085 1345 3155 ἐδίδασκε
1368 3125 1415 3138 --

288 3178 366 3256 τοὺς
378 3178 676 3262 Λακεδαιμονίους
689 3202 731 3248 sc.
744 3217 785 3229 -
795 3181 853 3266 τὴν
864 3185 1045 3249 Δεκέλειαν
1060 3184 1216 3264 τειχιζειν
1225 3186 1309 3269 (vll,
1321 3191 1369 3270 18,
1379 3193 1413 3264 2)

290 3285 321 3344 11
344 3275 377 3341 οἱ
399 3276 598 3343 Χαλκιδέων
628 3283 790 3362 πρέσβεις
820 3277 999 3362 ἐδίδασκον
1029 3277 1129 3346 αὐτὸν
1157 3281 1201 3369 μὴ
1236 3279 1415 3366 ὑπεξελεῖν

289 3381 336 3460 τῷ
358 3373 531 3461 Περδίκκᾳ
552 3374 594 3439 τὰ
618 3375 712 3441 δεινὰ
734 3377 801 3460 (IV,
827 3381 883 3458 83,
907 3375 951 3462 2).
995 3379 1033 3442 In
1056 3381 1237 3446 accusativo
1261 3384 1413 3449 1111111111.

290 3481 400 3538 contra
431 3473 583 3556 temporis
619 3474 791 3556 rationem,
829 3493 911 3558 quae
946 3477 1030 3542 inter
1060 3477 1202 3542 actiones
1231 3481 1414 3548 sententiae

289 3571 461 3653 primariae
483 3576 515 3635 et
535 3570 744 3638 secundariae
765 3572 952 3658 intercedat,
975 3593 1101 3656 semper
1122 3575 1294 3657 significari
1310 3579 1414 3643 mani·

289 3668 401 3734 sestius
423 3674 472 3732 est
494 3687 589 3750 quam
611 3675 646 3733 ut
667 3670 867 3752 probandum
889 3673 931 3736 sit
954 3671 1119 3754 exemplis.

374 3763 496 3842 Quodsi
525 3785 681 3830 summam
704 3787 828 3847 eorum,
859 3789 941 3850 quae
972 3770 1013 3836 de
1034 3769 1191 3836 infinitivo
1214 3771 1323 3838 aoristi
1348 3772 1411 3838 dis·

290 3855 486 3946 putavimus,
520 3864 630 3946 paucis
660 3865 931 3948 comprehendere
953 3869 1115 3950 volumus,
1150 3868 1196 3934 sic
1225 3870 1286 3934 erit
1314 3877 1413 3936 statu-

290 3959 423 4025 endum:
446 3959 547 4042 primo
563 3959 754 4027 infinitivum
769 3964 886 4046 coristi,
910 3985 980 4030 cum
996 3973 1166 4047 augmento
1183 3975 1320 4048 careret,
1345 3988 1412 4033 non

245 4089 249 4096 ·
290 4076 361 4123 esse
381 4056 544 4140 praeteriti
566 4061 717 4142 temporis
738 4061 917 4144 proprium,
951 4062 1009 4130 sed
1031 4063 1150 4130 nudam
1172 4064 1249 4130 iacti
1270 4083 1413 4130 momen-
