<?xml version="1.0" encoding="UTF-8"?>
<!DOCTYPE html PUBLIC "-//W3C//DTD XHTML 1.0 Transitional//EN"
    "http://www.w3.org/TR/xhtml1/DTD/xhtml1-transitional.dtd">
<html xmlns="http://www.w3.org/1999/xhtml" xml:lang="en" lang="en">
 <head>
  <title>
</title>
<meta http-equiv="Content-Type" content="text/html;charset=utf-8" />
  <meta name='ocr-system' content='tesseract 3.04.00' />
  <meta name='ocr-capabilities' content='ocr_page ocr_carea ocr_par ocr_line ocrx_word'/>
</head>
<body>
  <div class='ocr_page' id='page_1' title='image "./deinfinitivitem00forsgoog_0029.png"; bbox 0 0 3050 4932; ppageno 0'>
   <div class='ocr_carea' id='block_1_1' title="bbox 847 437 886 498">
    <p class='ocr_par' dir='ltr' id='par_1_1' title="bbox 847 437 886 498">
     <span class='ocr_line' id='line_1_1' title="bbox 847 437 886 498; baseline 0.051 -2"><span class='ocrx_word' id='word_1_1' title='bbox 847 437 886 498; x_wconf 83' lang='lat'>20</span> 
     </span>
    </p>
   </div>
   <div class='ocr_carea' id='block_1_2' title="bbox 302 588 1426 699">
    <p class='ocr_par' dir='ltr' id='par_1_2' title="bbox 302 588 1426 699">
     <span class='ocr_line' id='line_1_2' title="bbox 302 588 1426 699; baseline -0.005 -17"><span class='ocrx_word' id='word_1_2' title='bbox 302 619 400 682; x_wconf 89' lang='lat' dir='ltr'>utitur</span> <span class='ocrx_word' id='word_1_3' title='bbox 432 616 583 699; x_wconf 75' lang='lat' dir='ltr'><strong>scriptor,</strong></span> <span class='ocrx_word' id='word_1_4' title='bbox 617 614 671 680; x_wconf 80' lang='lat' dir='ltr'>rubi</span> <span class='ocrx_word' id='word_1_5' title='bbox 694 588 944 695; x_wconf 80' lang='lat' dir='ltr'>Tissaphernem</span> <span class='ocrx_word' id='word_1_6' title='bbox 977 613 1105 678; x_wconf 92' lang='lat' dir='ltr'>omnino</span> <span class='ocrx_word' id='word_1_7' title='bbox 1138 631 1263 695; x_wconf 90' lang='lat' dir='ltr'>pugnas</span> <span class='ocrx_word' id='word_1_8' title='bbox 1285 612 1426 676; x_wconf 81' lang='lat' dir='ltr'>navales</span> 
     </span>
    </p>
   </div>
   <div class='ocr_carea' id='block_1_3' title="bbox 208 709 1428 795">
    <p class='ocr_par' dir='ltr' id='par_1_3' title="bbox 208 709 1428 795">
     <span class='ocr_line' id='line_1_3' title="bbox 208 709 1428 795; baseline -0.005 -15"><span class='ocrx_word' id='word_1_9' title='bbox 208 749 211 754; x_wconf 95' lang='lat'>·</span> <span class='ocrx_word' id='word_1_10' title='bbox 303 717 442 781; x_wconf 80' lang='lat' dir='ltr'>evitasse</span> <span class='ocrx_word' id='word_1_11' title='bbox 474 718 600 795; x_wconf 87' lang='lat' dir='ltr'>narrat;</span> <span class='ocrx_word' id='word_1_12' title='bbox 642 712 698 777; x_wconf 90' lang='lat' dir='ltr'>ubi</span> <span class='ocrx_word' id='word_1_13' title='bbox 734 730 810 776; x_wconf 89' lang='lat' dir='ltr'>vero</span> <span class='ocrx_word' id='word_1_14' title='bbox 843 709 1092 776; x_wconf 91' lang='lat' dir='ltr'>Lacedaemonii</span> <span class='ocrx_word' id='word_1_15' title='bbox 1127 717 1246 775; x_wconf 89' lang='lat' dir='ltr'>certam</span> <span class='ocrx_word' id='word_1_16' title='bbox 1282 729 1428 792; x_wconf 89' lang='lat' dir='ltr'>pugnam</span> 
     </span>
    </p>
   </div>
   <div class='ocr_carea' id='block_1_4' title="bbox 240 805 1430 1678">
    <p class='ocr_par' dir='ltr' id='par_1_4' title="bbox 240 805 1430 1678">
     <span class='ocr_line' id='line_1_4' title="bbox 302 805 1428 892; baseline -0.008 -14"><span class='ocrx_word' id='word_1_17' title='bbox 302 813 462 892; x_wconf 84' lang='lat' dir='ltr'>navalem,</span> <span class='ocrx_word' id='word_1_18' title='bbox 474 811 564 892; x_wconf 90' lang='lat' dir='ltr'>eujus</span> <span class='ocrx_word' id='word_1_19' title='bbox 574 809 789 875; x_wconf 80' lang='lat' dir='ltr'>Athenienses</span> <span class='ocrx_word' id='word_1_20' title='bbox 800 809 983 875; x_wconf 79' lang='lat' dir='ltr'>facultatem</span> <span class='ocrx_word' id='word_1_21' title='bbox 994 809 1185 874; x_wconf 89' lang='lat' dir='ltr'>obtulissent</span> <span class='ocrx_word' id='word_1_22' title='bbox 1196 805 1300 890; x_wconf 91' lang='lat' dir='ltr'>(VIII,</span> <span class='ocrx_word' id='word_1_23' title='bbox 1318 811 1368 881; x_wconf 83' lang='lat'>79,</span> <span class='ocrx_word' id='word_1_24' title='bbox 1382 811 1428 887; x_wconf 88' lang='grc'>4),</span> 
     </span>
     <span class='ocr_line' id='line_1_5' title="bbox 304 904 1429 992; baseline -0.006 -18"><span class='ocrx_word' id='word_1_25' title='bbox 304 910 465 992; x_wconf 80' lang='lat' dir='ltr'>defugisse</span> <span class='ocrx_word' id='word_1_26' title='bbox 488 907 642 979; x_wconf 89' lang='lat' dir='ltr'>dicuntur,</span> <span class='ocrx_word' id='word_1_27' title='bbox 666 909 802 973; x_wconf 88' lang='lat' dir='ltr'>aoristus</span> <span class='ocrx_word' id='word_1_28' title='bbox 824 907 961 989; x_wconf 87' lang='lat' dir='ltr'>ponitur.</span> <span class='ocrx_word' id='word_1_29' title='bbox 992 906 1045 971; x_wconf 86' lang='lat' dir='ltr'>Sic</span> <span class='ocrx_word' id='word_1_30' title='bbox 1067 905 1217 970; x_wconf 87' lang='lat' dir='ltr'>differunt</span> <span class='ocrx_word' id='word_1_31' title='bbox 1231 904 1321 984; x_wconf 88' lang='lat' dir='ltr'>VIII,</span> <span class='ocrx_word' id='word_1_32' title='bbox 1339 909 1429 986; x_wconf 56' lang='lat' dir='ltr'>2⁶.)st</span> 
     </span>
     <span class='ocr_line' id='line_1_6' title="bbox 307 995 1427 1092; baseline -0.006 -20"><span class='ocrx_word' id='word_1_33' title='bbox 307 1003 573 1092; x_wconf 77' lang='grc' dir='ltr'><strong><em>ξυγκινδυνεύειν</em></strong></span> <span class='ocrx_word' id='word_1_34' title='bbox 596 1010 628 1070; x_wconf 85' lang='grc'>11</span> <span class='ocrx_word' id='word_1_35' title='bbox 656 1005 681 1086; x_wconf 95' lang='grc' dir='ltr'>Ι,</span> <span class='ocrx_word' id='word_1_36' title='bbox 706 1008 756 1085; x_wconf 83' lang='grc'>20,</span> <span class='ocrx_word' id='word_1_37' title='bbox 781 1009 799 1069; x_wconf 90' lang='lat'><strong>3</strong></span> <span class='ocrx_word' id='word_1_38' title='bbox 823 1001 1051 1080; x_wconf 82' lang='grc' dir='ltr'><strong><em>κινδυνεῦοαι;</em></strong></span> <span class='ocrx_word' id='word_1_39' title='bbox 1075 1003 1129 1084; x_wconf 89' lang='lat' dir='ltr'>VI,</span> <span class='ocrx_word' id='word_1_40' title='bbox 1153 1005 1204 1083; x_wconf 82' lang='lat'>79,</span> <span class='ocrx_word' id='word_1_41' title='bbox 1228 1005 1247 1065; x_wconf 84' lang='lat'><strong>2</strong></span> <span class='ocrx_word' id='word_1_42' title='bbox 1270 995 1366 1083; x_wconf 75' lang='grc' dir='ltr'><strong><em>ὑμεῖς</em></strong></span> <span class='ocrx_word' id='word_1_43' title='bbox 1391 998 1427 1065; x_wconf 83' lang='lat' dir='ltr'>d’</span> 
     </span>
     <span class='ocr_line' id='line_1_7' title="bbox 240 1098 1428 1190; baseline -0.008 -17"><span class='ocrx_word' id='word_1_44' title='bbox 240 1129 241 1140; x_wconf 60' lang='lat'>¹</span> <span class='ocrx_word' id='word_1_45' title='bbox 308 1103 434 1190; x_wconf 75' lang='grc' dir='ltr'><em>εὐλόγῳ</em></span> <span class='ocrx_word' id='word_1_46' title='bbox 476 1101 650 1188; x_wconf 79' lang='grc' dir='ltr'><em>προφάσει</em></span> <span class='ocrx_word' id='word_1_47' title='bbox 688 1101 767 1178; x_wconf 80' lang='grc' dir='ltr'><strong><em>τοὺς</em></strong></span> <span class='ocrx_word' id='word_1_48' title='bbox 806 1102 868 1183; x_wconf 75' lang='grc' dir='ltr'>μὲν</span> <span class='ocrx_word' id='word_1_49' title='bbox 902 1099 1004 1186; x_wconf 79' lang='grc' dir='ltr'><em>φύσει</em></span> <span class='ocrx_word' id='word_1_50' title='bbox 1037 1102 1222 1182; x_wconf 77' lang='grc' dir='ltr'><strong><em>πολεμίους</em></strong></span> <span class='ocrx_word' id='word_1_51' title='bbox 1254 1098 1428 1181; x_wconf 71' lang='grc' dir='ltr'><strong><em>βούλεσθε</em></strong></span> 
     </span>
     <span class='ocr_line' id='line_1_8' title="bbox 307 1196 1429 1290; baseline -0.005 -23"><span class='ocrx_word' id='word_1_52' title='bbox 307 1201 452 1290; x_wconf 81' lang='grc' dir='ltr'><strong><em>ὠφελεῖν</em></strong></span> <span class='ocrx_word' id='word_1_53' title='bbox 476 1206 530 1280; x_wconf 88' lang='lat' dir='ltr'>(sc.</span> <span class='ocrx_word' id='word_1_54' title='bbox 553 1221 618 1266; x_wconf 93' lang='lat' dir='ltr'>non</span> <span class='ocrx_word' id='word_1_55' title='bbox 634 1201 736 1266; x_wconf 93' lang='lat' dir='ltr'>solum</span> <span class='ocrx_word' id='word_1_56' title='bbox 751 1201 812 1266; x_wconf 87' lang='lat' dir='ltr'>hac</span> <span class='ocrx_word' id='word_1_57' title='bbox 827 1201 860 1263; x_wconf 91' lang='lat' dir='ltr'>in</span> <span class='ocrx_word' id='word_1_58' title='bbox 876 1218 920 1281; x_wconf 91' lang='lat' dir='ltr'>re,</span> <span class='ocrx_word' id='word_1_59' title='bbox 945 1199 984 1264; x_wconf 91' lang='lat' dir='ltr'>de</span> <span class='ocrx_word' id='word_1_60' title='bbox 1000 1219 1064 1280; x_wconf 90' lang='lat' dir='ltr'>qua</span> <span class='ocrx_word' id='word_1_61' title='bbox 1078 1199 1191 1280; x_wconf 89' lang='lat' dir='ltr'>agitur,</span> <span class='ocrx_word' id='word_1_62' title='bbox 1216 1196 1273 1262; x_wconf 92' lang='lat' dir='ltr'>sed</span> <span class='ocrx_word' id='word_1_63' title='bbox 1289 1217 1429 1280; x_wconf 82' lang='lat' dir='ltr'>semper,</span> 
     </span>
     <span class='ocr_line' id='line_1_9' title="bbox 305 1293 1429 1392; baseline -0.006 -27"><span class='ocrx_word' id='word_1_64' title='bbox 305 1301 554 1383; x_wconf 91' lang='lat' dir='ltr'>quotiescunque</span> <span class='ocrx_word' id='word_1_65' title='bbox 581 1299 737 1363; x_wconf 87' lang='lat' dir='ltr'>auxilium</span> <span class='ocrx_word' id='word_1_66' title='bbox 764 1298 830 1362; x_wconf 90' lang='lat' dir='ltr'>illis</span> <span class='ocrx_word' id='word_1_67' title='bbox 858 1317 938 1392; x_wconf 75' lang='lat' dir='ltr'>opus</span> <span class='ocrx_word' id='word_1_68' title='bbox 961 1299 1037 1378; x_wconf 88' lang='lat' dir='ltr'>est),</span> <span class='ocrx_word' id='word_1_69' title='bbox 1068 1295 1146 1373; x_wconf 73' lang='grc' dir='ltr'><strong><em>τοὺς</em></strong></span> <span class='ocrx_word' id='word_1_70' title='bbox 1169 1295 1205 1362; x_wconf 75' lang='grc' dir='ltr'>δὲ</span> <span class='ocrx_word' id='word_1_71' title='bbox 1229 1293 1279 1360; x_wconf 78' lang='grc' dir='ltr'>’ἐτι</span> <span class='ocrx_word' id='word_1_72' title='bbox 1301 1295 1429 1375; x_wconf 79' lang='grc' dir='ltr'><strong><em>μᾶλλον</em></strong></span> 
     </span>
     <span class='ocr_line' id='line_1_10' title="bbox 305 1392 1429 1484; baseline -0.004 -24"><span class='ocrx_word' id='word_1_73' title='bbox 305 1395 409 1484; x_wconf 79' lang='grc' dir='ltr'><em>φύσει</em></span> <span class='ocrx_word' id='word_1_74' title='bbox 431 1399 599 1480; x_wconf 80' lang='grc' dir='ltr'><em>ξυγγενεῖς</em></span> <span class='ocrx_word' id='word_1_75' title='bbox 620 1395 792 1476; x_wconf 80' lang='grc' dir='ltr'><strong><em>μετὰτῶν</em></strong></span> <span class='ocrx_word' id='word_1_76' title='bbox 815 1393 984 1474; x_wconf 69' lang='grc' dir='ltr'><strong><em>ἐχθίστων</em></strong></span> <span class='ocrx_word' id='word_1_77' title='bbox 1009 1393 1214 1478; x_wconf 73' lang='grc' dir='ltr'><strong><em>διαφθεῖραι</em></strong></span> <span class='ocrx_word' id='word_1_78' title='bbox 1237 1392 1272 1476; x_wconf 85' lang='grc'>(1.</span> <span class='ocrx_word' id='word_1_79' title='bbox 1288 1411 1316 1456; x_wconf 87' lang='lat' dir='ltr'>c.</span> <span class='ocrx_word' id='word_1_80' title='bbox 1332 1412 1429 1472; x_wconf 88' lang='lat' dir='ltr'>nunc,</span> 
     </span>
     <span class='ocr_line' id='line_1_11' title="bbox 304 1490 1430 1576; baseline -0.006 -16"><span class='ocrx_word' id='word_1_81' title='bbox 304 1495 359 1560; x_wconf 89' lang='lat' dir='ltr'>ubi</span> <span class='ocrx_word' id='word_1_82' title='bbox 381 1493 506 1560; x_wconf 86' lang='lat' dir='ltr'>excidio</span> <span class='ocrx_word' id='word_1_83' title='bbox 526 1493 673 1576; x_wconf 90' lang='lat' dir='ltr'>ferroque</span> <span class='ocrx_word' id='word_1_84' title='bbox 695 1492 909 1558; x_wconf 86' lang='lat' dir='ltr'>Athenienses</span> <span class='ocrx_word' id='word_1_85' title='bbox 930 1492 1022 1557; x_wconf 89' lang='lat' dir='ltr'>uobis</span> <span class='ocrx_word' id='word_1_86' title='bbox 1037 1492 1252 1572; x_wconf 73' lang='lat' dir='ltr'>minitantur),</span> <span class='ocrx_word' id='word_1_87' title='bbox 1275 1490 1330 1571; x_wconf 89' lang='lat' dir='ltr'>VI,</span> <span class='ocrx_word' id='word_1_88' title='bbox 1344 1493 1430 1572; x_wconf 79' lang='lat'>34,2</span> 
     </span>
     <span class='ocr_line' id='line_1_12' title="bbox 306 1585 1430 1678; baseline -0.004 -21"><span class='ocrx_word' id='word_1_89' title='bbox 306 1589 430 1674; x_wconf 78' lang='grc' dir='ltr'><strong><em>ἀμῦναι</em></strong></span> <span class='ocrx_word' id='word_1_90' title='bbox 458 1599 489 1656; x_wconf 86' lang='lat' dir='ltr'>ct</span> <span class='ocrx_word' id='word_1_91' title='bbox 511 1590 566 1678; x_wconf 85' lang='lat' dir='ltr'>VI,</span> <span class='ocrx_word' id='word_1_92' title='bbox 591 1594 640 1670; x_wconf 85' lang='lat'>75,</span> <span class='ocrx_word' id='word_1_93' title='bbox 665 1594 683 1655; x_wconf 91' lang='lat'>3</span> <span class='ocrx_word' id='word_1_94' title='bbox 707 1585 862 1671; x_wconf 63' lang='lat' dir='ltr'>circuirem,-</span> <span class='ocrx_word' id='word_1_95' title='bbox 890 1589 945 1666; x_wconf 90' lang='lat' dir='ltr'>VI,</span> <span class='ocrx_word' id='word_1_96' title='bbox 969 1593 997 1669; x_wconf 86' lang='grc'>6,</span> <span class='ocrx_word' id='word_1_97' title='bbox 1031 1593 1045 1652; x_wconf 88' lang='grc'>1</span> <span class='ocrx_word' id='word_1_98' title='bbox 1072 1588 1190 1654; x_wconf 83' lang='lat' dir='ltr'>dietum</span> <span class='ocrx_word' id='word_1_99' title='bbox 1213 1595 1261 1654; x_wconf 86' lang='lat' dir='ltr'>est</span> <span class='ocrx_word' id='word_1_100' title='bbox 1282 1592 1430 1674; x_wconf 71' lang='grc' dir='ltr'><strong><em>βοηθεῖν</em></strong></span> 
     </span>
    </p>
   </div>
   <div class='ocr_carea' id='block_1_5' title="bbox 209 1686 1429 1776">
    <p class='ocr_par' dir='ltr' id='par_1_5' title="bbox 209 1686 1429 1776">
     <span class='ocr_line' id='line_1_13' title="bbox 209 1686 1429 1776; baseline -0.007 -20"><span class='ocrx_word' id='word_1_101' title='bbox 209 1749 212 1756; x_wconf 90' lang='grc'>,</span> <span class='ocrx_word' id='word_1_102' title='bbox 305 1689 519 1776; x_wconf 79' lang='grc' dir='ltr'><strong><em>βουλόμενοι,</em></strong></span> <span class='ocrx_word' id='word_1_103' title='bbox 555 1693 725 1770; x_wconf 87' lang='lat' dir='ltr'>propterea</span> <span class='ocrx_word' id='word_1_104' title='bbox 757 1687 843 1770; x_wconf 91' lang='lat' dir='ltr'>quod</span> <span class='ocrx_word' id='word_1_105' title='bbox 870 1687 1085 1752; x_wconf 83' lang='lat' dir='ltr'>Athenienses</span> <span class='ocrx_word' id='word_1_106' title='bbox 1114 1687 1206 1768; x_wconf 87' lang='lat' dir='ltr'>quasi</span> <span class='ocrx_word' id='word_1_107' title='bbox 1233 1687 1339 1768; x_wconf 88' lang='lat' dir='ltr'>legem</span> <span class='ocrx_word' id='word_1_108' title='bbox 1367 1686 1429 1752; x_wconf 91' lang='lat' dir='ltr'>sibi</span> 
     </span>
    </p>
   </div>
   <div class='ocr_carea' id='block_1_6' title="bbox 305 1781 1430 4114">
    <p class='ocr_par' dir='ltr' id='par_1_6' title="bbox 305 1781 1430 4114">
     <span class='ocr_line' id='line_1_14' title="bbox 307 1781 1430 1870; baseline -0.004 -16"><span class='ocrx_word' id='word_1_109' title='bbox 307 1808 378 1854; x_wconf 92' lang='lat' dir='ltr'>esse</span> <span class='ocrx_word' id='word_1_110' title='bbox 406 1783 656 1870; x_wconf 89' lang='lat' dir='ltr'>praetenderunt</span> <span class='ocrx_word' id='word_1_111' title='bbox 683 1781 903 1869; x_wconf 78' lang='grc' dir='ltr'>(εὐπρεπῶς),</span> <span class='ocrx_word' id='word_1_112' title='bbox 933 1792 968 1849; x_wconf 87' lang='grc'>11</span> <span class='ocrx_word' id='word_1_113' title='bbox 996 1785 1141 1866; x_wconf 87' lang='lat' dir='ltr'>cognatis</span> <span class='ocrx_word' id='word_1_114' title='bbox 1171 1789 1202 1850; x_wconf 88' lang='grc'>11</span> <span class='ocrx_word' id='word_1_115' title='bbox 1230 1783 1325 1849; x_wconf 86' lang='grc'><strong>111111</strong></span> <span class='ocrx_word' id='word_1_116' title='bbox 1348 1803 1430 1849; x_wconf 92' lang='lat' dir='ltr'>sem-</span> 
     </span>
     <span class='ocr_line' id='line_1_15' title="bbox 305 1881 1426 1970; baseline -0.006 -19"><span class='ocrx_word' id='word_1_117' title='bbox 305 1905 372 1970; x_wconf 90' lang='lat' dir='ltr'>per,</span> <span class='ocrx_word' id='word_1_118' title='bbox 389 1883 654 1966; x_wconf 89' lang='lat' dir='ltr'>quandocumque</span> <span class='ocrx_word' id='word_1_119' title='bbox 664 1903 715 1948; x_wconf 88' lang='grc'>111</span> <span class='ocrx_word' id='word_1_120' title='bbox 725 1885 933 1966; x_wconf 85' lang='lat' dir='ltr'>postularent,</span> <span class='ocrx_word' id='word_1_121' title='bbox 949 1883 1103 1947; x_wconf 84' lang='lat' dir='ltr'>auxilium</span> <span class='ocrx_word' id='word_1_122' title='bbox 1114 1881 1244 1962; x_wconf 89' lang='lat' dir='ltr'>ferrent,</span> <span class='ocrx_word' id='word_1_123' title='bbox 1256 1881 1311 1962; x_wconf 89' lang='lat' dir='ltr'>VI,</span> <span class='ocrx_word' id='word_1_124' title='bbox 1325 1887 1396 1963; x_wconf 84' lang='grc'><strong>104,</strong></span> <span class='ocrx_word' id='word_1_125' title='bbox 1412 1888 1426 1944; x_wconf 85' lang='grc'>1</span> 
     </span>
     <span class='ocr_line' id='line_1_16' title="bbox 306 1977 1430 2066; baseline -0.004 -18"><span class='ocrx_word' id='word_1_126' title='bbox 306 1989 417 2048; x_wconf 85' lang='lat' dir='ltr'>contra</span> <span class='ocrx_word' id='word_1_127' title='bbox 439 1977 639 2063; x_wconf 80' lang='grc' dir='ltr'><strong><em>βουλόμενοι</em></strong></span> <span class='ocrx_word' id='word_1_128' title='bbox 663 1979 720 2044; x_wconf 75' lang='grc' dir='ltr'>διὰ</span> <span class='ocrx_word' id='word_1_129' title='bbox 741 1978 864 2060; x_wconf 79' lang='grc' dir='ltr'><em>τάχους</em></span> <span class='ocrx_word' id='word_1_130' title='bbox 886 1984 1063 2066; x_wconf 74' lang='grc' dir='ltr'><strong><em>βοηθῆσαι</em></strong></span> <span class='ocrx_word' id='word_1_131' title='bbox 1076 1980 1204 2061; x_wconf 81' lang='lat' dir='ltr'>legitur,</span> <span class='ocrx_word' id='word_1_132' title='bbox 1228 1981 1302 2062; x_wconf 84' lang='lat' dir='ltr'>quia</span> <span class='ocrx_word' id='word_1_133' title='bbox 1317 1979 1430 2062; x_wconf 71' lang='lat' dir='ltr'>Gylip-</span> 
     </span>
     <span class='ocr_line' id='line_1_17' title="bbox 306 2075 1428 2165; baseline -0.004 -21"><span class='ocrx_word' id='word_1_134' title='bbox 306 2100 367 2163; x_wconf 89' lang='lat' dir='ltr'>pus</span> <span class='ocrx_word' id='word_1_135' title='bbox 397 2083 428 2144; x_wconf 92' lang='lat' dir='ltr'>et</span> <span class='ocrx_word' id='word_1_136' title='bbox 451 2077 607 2142; x_wconf 79' lang='lat' dir='ltr'>Corinthii</span> <span class='ocrx_word' id='word_1_137' title='bbox 634 2077 829 2160; x_wconf 83' lang='lat' dir='ltr'>singularem</span> <span class='ocrx_word' id='word_1_138' title='bbox 858 2075 1027 2165; x_wconf 73' lang='grc' dir='ltr'><strong><em>βοήθειαν</em></strong></span> <span class='ocrx_word' id='word_1_139' title='bbox 1055 2077 1089 2141; x_wconf 94' lang='lat' dir='ltr'>in</span> <span class='ocrx_word' id='word_1_140' title='bbox 1117 2077 1225 2143; x_wconf 89' lang='lat' dir='ltr'>animo</span> <span class='ocrx_word' id='word_1_141' title='bbox 1254 2077 1428 2142; x_wconf 88' lang='lat' dir='ltr'>habebant.</span> 
     </span>
     <span class='ocr_line' id='line_1_18' title="bbox 307 2173 1430 2259; baseline -0.003 -18"><span class='ocrx_word' id='word_1_142' title='bbox 307 2180 412 2259; x_wconf 83' lang='lat' dir='ltr'>Atque</span> <span class='ocrx_word' id='word_1_143' title='bbox 434 2175 614 2259; x_wconf 88' lang='lat' dir='ltr'>praesentis</span> <span class='ocrx_word' id='word_1_144' title='bbox 636 2180 667 2240; x_wconf 91' lang='lat' dir='ltr'>et</span> <span class='ocrx_word' id='word_1_145' title='bbox 689 2174 798 2240; x_wconf 89' lang='lat' dir='ltr'>aoristi</span> <span class='ocrx_word' id='word_1_146' title='bbox 820 2173 995 2240; x_wconf 89' lang='lat' dir='ltr'>infinitivus</span> <span class='ocrx_word' id='word_1_147' title='bbox 1009 2195 1074 2239; x_wconf 92' lang='lat' dir='ltr'>non</span> <span class='ocrx_word' id='word_1_148' title='bbox 1088 2174 1268 2258; x_wconf 86' lang='lat' dir='ltr'>promiscue</span> <span class='ocrx_word' id='word_1_149' title='bbox 1283 2174 1430 2240; x_wconf 85' lang='lat' dir='ltr'>adhiberi</span> 
     </span>
     <span class='ocr_line' id='line_1_19' title="bbox 306 2261 1428 2358; baseline 0 -19"><span class='ocrx_word' id='word_1_150' title='bbox 306 2277 341 2339; x_wconf 92' lang='lat' dir='ltr'>in</span> <span class='ocrx_word' id='word_1_151' title='bbox 362 2281 511 2358; x_wconf 87' lang='lat' dir='ltr'>promptu</span> <span class='ocrx_word' id='word_1_152' title='bbox 534 2277 595 2355; x_wconf 82' lang='lat' dir='ltr'>est3</span> <span class='ocrx_word' id='word_1_153' title='bbox 619 2291 691 2336; x_wconf 89' lang='lat' dir='ltr'>cum</span> <span class='ocrx_word' id='word_1_154' title='bbox 706 2292 781 2338; x_wconf 88' lang='lat' dir='ltr'>vero</span> <span class='ocrx_word' id='word_1_155' title='bbox 803 2271 872 2338; x_wconf 90' lang='lat' dir='ltr'>fieri</span> <span class='ocrx_word' id='word_1_156' title='bbox 893 2273 1002 2355; x_wconf 86' lang='lat' dir='ltr'>possit,</span> <span class='ocrx_word' id='word_1_157' title='bbox 1026 2279 1060 2336; x_wconf 91' lang='lat' dir='ltr'>ut</span> <span class='ocrx_word' id='word_1_158' title='bbox 1081 2271 1195 2338; x_wconf 90' lang='lat' dir='ltr'>eadem</span> <span class='ocrx_word' id='word_1_159' title='bbox 1210 2291 1262 2338; x_wconf 89' lang='lat' dir='ltr'>res</span> <span class='ocrx_word' id='word_1_160' title='bbox 1276 2278 1343 2336; x_wconf 90' lang='lat' dir='ltr'>tum</span> <span class='ocrx_word' id='word_1_161' title='bbox 1359 2261 1428 2339; x_wconf 84' lang='lat' dir='ltr'>hoc.</span> 
     </span>
     <span class='ocr_line' id='line_1_20' title="bbox 307 2369 1430 2454; baseline -0.002 -18"><span class='ocrx_word' id='word_1_162' title='bbox 307 2380 375 2438; x_wconf 91' lang='lat' dir='ltr'>tum</span> <span class='ocrx_word' id='word_1_163' title='bbox 402 2372 460 2437; x_wconf 89' lang='lat' dir='ltr'>illo</span> <span class='ocrx_word' id='word_1_164' title='bbox 491 2369 585 2435; x_wconf 92' lang='lat' dir='ltr'>modo</span> <span class='ocrx_word' id='word_1_165' title='bbox 615 2371 784 2454; x_wconf 82' lang='lat' dir='ltr'>cogitetur,</span> <span class='ocrx_word' id='word_1_166' title='bbox 813 2389 1012 2453; x_wconf 87' lang='lat' dir='ltr'>consequens</span> <span class='ocrx_word' id='word_1_167' title='bbox 1034 2376 1097 2451; x_wconf 88' lang='lat' dir='ltr'>est,</span> <span class='ocrx_word' id='word_1_168' title='bbox 1126 2378 1161 2434; x_wconf 91' lang='lat' dir='ltr'>ut</span> <span class='ocrx_word' id='word_1_169' title='bbox 1188 2390 1430 2452; x_wconf 89' lang='lat' dir='ltr'>nonnumquam</span> 
     </span>
     <span class='ocr_line' id='line_1_21' title="bbox 308 2465 1429 2551; baseline 0.001 -18"><span class='ocrx_word' id='word_1_170' title='bbox 308 2470 442 2550; x_wconf 89' lang='lat' dir='ltr'>scriptor</span> <span class='ocrx_word' id='word_1_171' title='bbox 474 2468 508 2532; x_wconf 94' lang='lat' dir='ltr'>in</span> <span class='ocrx_word' id='word_1_172' title='bbox 536 2468 634 2534; x_wconf 90' lang='lat' dir='ltr'>va1iis</span> <span class='ocrx_word' id='word_1_173' title='bbox 666 2469 862 2551; x_wconf 88' lang='lat' dir='ltr'>temporibus</span> <span class='ocrx_word' id='word_1_174' title='bbox 891 2465 1048 2550; x_wconf 85' lang='lat' dir='ltr'>eligendis</span> <span class='ocrx_word' id='word_1_175' title='bbox 1077 2487 1154 2532; x_wconf 88' lang='lat' dir='ltr'>suae</span> <span class='ocrx_word' id='word_1_176' title='bbox 1182 2468 1223 2532; x_wconf 90' lang='lat' dir='ltr'>sit</span> <span class='ocrx_word' id='word_1_177' title='bbox 1250 2470 1429 2550; x_wconf 88' lang='lat' dir='ltr'>potestatis,</span> 
     </span>
     <span class='ocr_line' id='line_1_22' title="bbox 308 2565 1428 2650; baseline -0.002 -18"><span class='ocrx_word' id='word_1_178' title='bbox 308 2566 501 2632; x_wconf 88' lang='lat' dir='ltr'>necessitate</span> <span class='ocrx_word' id='word_1_179' title='bbox 544 2565 760 2648; x_wconf 83' lang='lat' dir='ltr'>adstringatur</span> <span class='ocrx_word' id='word_1_180' title='bbox 798 2567 896 2630; x_wconf 88' lang='lat' dir='ltr'>nulla.</span> <span class='ocrx_word' id='word_1_181' title='bbox 951 2565 1130 2630; x_wconf 86' lang='lat' dir='ltr'>Declarabo</span> <span class='ocrx_word' id='word_1_182' title='bbox 1166 2583 1233 2629; x_wconf 88' lang='lat' dir='ltr'>rem</span> <span class='ocrx_word' id='word_1_183' title='bbox 1270 2569 1428 2650; x_wconf 79' lang='lat' dir='ltr'>exemplo.</span> 
     </span>
     <span class='ocr_line' id='line_1_23' title="bbox 308 2662 1430 2747; baseline 0.002 -19"><span class='ocrx_word' id='word_1_184' title='bbox 308 2665 334 2744; x_wconf 93' lang='grc' dir='ltr'>Ι,</span> <span class='ocrx_word' id='word_1_185' title='bbox 361 2667 440 2742; x_wconf 80' lang='lat'>128,</span> <span class='ocrx_word' id='word_1_186' title='bbox 471 2667 489 2726; x_wconf 87' lang='lat'>5</span> <span class='ocrx_word' id='word_1_187' title='bbox 511 2681 569 2744; x_wconf 92' lang='lat' dir='ltr'>pro</span> <span class='ocrx_word' id='word_1_188' title='bbox 589 2662 793 2747; x_wconf 73' lang='grc' dir='ltr'><strong><em>χαρίζεσθαι</em></strong></span> <span class='ocrx_word' id='word_1_189' title='bbox 815 2663 948 2728; x_wconf 85' lang='lat' dir='ltr'>forsitan</span> <span class='ocrx_word' id='word_1_190' title='bbox 967 2665 1180 2745; x_wconf 74' lang='grc' dir='ltr'><em>χαρίσασθαι</em></span> <span class='ocrx_word' id='word_1_191' title='bbox 1203 2663 1319 2746; x_wconf 76' lang='grc'><strong>1111111</strong></span> <span class='ocrx_word' id='word_1_192' title='bbox 1339 2664 1430 2730; x_wconf 90' lang='lat' dir='ltr'>adhi-</span> 
     </span>
     <span class='ocr_line' id='line_1_24' title="bbox 309 2759 1430 2842; baseline 0.001 -16"><span class='ocrx_word' id='word_1_193' title='bbox 309 2759 451 2826; x_wconf 87' lang='lat' dir='ltr'>bendum</span> <span class='ocrx_word' id='word_1_194' title='bbox 478 2764 568 2842; x_wconf 89' lang='lat' dir='ltr'>putet</span> <span class='ocrx_word' id='word_1_195' title='bbox 598 2779 683 2842; x_wconf 91' lang='lat' dir='ltr'>esse,</span> <span class='ocrx_word' id='word_1_196' title='bbox 717 2759 809 2826; x_wconf 90' lang='lat' dir='ltr'>sicuti</span> <span class='ocrx_word' id='word_1_197' title='bbox 836 2761 870 2824; x_wconf 92' lang='lat' dir='ltr'>in</span> <span class='ocrx_word' id='word_1_198' title='bbox 899 2759 1008 2825; x_wconf 89' lang='lat' dir='ltr'>codice</span> <span class='ocrx_word' id='word_1_199' title='bbox 1030 2759 1214 2826; x_wconf 89' lang='lat' dir='ltr'>Monaceusi</span> <span class='ocrx_word' id='word_1_200' title='bbox 1238 2761 1267 2827; x_wconf 83' lang='lat' dir='ltr'>G</span> <span class='ocrx_word' id='word_1_201' title='bbox 1289 2762 1430 2828; x_wconf 89' lang='lat' dir='ltr'>secunda</span> 
     </span>
     <span class='ocr_line' id='line_1_25' title="bbox 309 2856 1427 2942; baseline 0 -18"><span class='ocrx_word' id='word_1_202' title='bbox 309 2879 408 2924; x_wconf 92' lang='lat' dir='ltr'>manu</span> <span class='ocrx_word' id='word_1_203' title='bbox 429 2858 463 2921; x_wconf 91' lang='lat' dir='ltr'>in</span> <span class='ocrx_word' id='word_1_204' title='bbox 485 2859 631 2940; x_wconf 88' lang='lat' dir='ltr'>margine</span> <span class='ocrx_word' id='word_1_205' title='bbox 652 2856 848 2940; x_wconf 90' lang='lat' dir='ltr'>adscriptum</span> <span class='ocrx_word' id='word_1_206' title='bbox 871 2863 929 2939; x_wconf 91' lang='lat' dir='ltr'>est,</span> <span class='ocrx_word' id='word_1_207' title='bbox 953 2864 984 2922; x_wconf 92' lang='grc'>11</span> <span class='ocrx_word' id='word_1_208' title='bbox 1006 2856 1080 2921; x_wconf 87' lang='grc'><strong>11111</strong></span> <span class='ocrx_word' id='word_1_209' title='bbox 1102 2857 1172 2922; x_wconf 91' lang='lat' dir='ltr'>sine</span> <span class='ocrx_word' id='word_1_210' title='bbox 1194 2858 1291 2925; x_wconf 90' lang='lat' dir='ltr'>dnbio</span> <span class='ocrx_word' id='word_1_211' title='bbox 1312 2867 1427 2942; x_wconf 90' lang='lat' dir='ltr'>potest.</span> 
     </span>
     <span class='ocr_line' id='line_1_26' title="bbox 311 2954 1427 3041; baseline -0.001 -18"><span class='ocrx_word' id='word_1_212' title='bbox 311 2955 421 3023; x_wconf 89' lang='lat' dir='ltr'>Nihilo</span> <span class='ocrx_word' id='word_1_213' title='bbox 450 2954 554 3020; x_wconf 83' lang='lat' dir='ltr'>minus</span> <span class='ocrx_word' id='word_1_214' title='bbox 582 2963 669 3022; x_wconf 89' lang='lat' dir='ltr'>recte</span> <span class='ocrx_word' id='word_1_215' title='bbox 697 2973 732 3021; x_wconf 90' lang='lat' dir='ltr'>se</span> <span class='ocrx_word' id='word_1_216' title='bbox 760 2955 859 3020; x_wconf 88' lang='lat' dir='ltr'>habet</span> <span class='ocrx_word' id='word_1_217' title='bbox 882 2975 964 3038; x_wconf 91' lang='lat' dir='ltr'>quae</span> <span class='ocrx_word' id='word_1_218' title='bbox 985 2955 1082 3036; x_wconf 89' lang='lat' dir='ltr'>vulgo</span> <span class='ocrx_word' id='word_1_219' title='bbox 1105 2955 1240 3020; x_wconf 89' lang='lat' dir='ltr'>traditur</span> <span class='ocrx_word' id='word_1_220' title='bbox 1262 2958 1427 3041; x_wconf 88' lang='lat' dir='ltr'>scriptura.</span> 
     </span>
     <span class='ocr_line' id='line_1_27' title="bbox 311 3051 1427 3139; baseline 0.005 -24"><span class='ocrx_word' id='word_1_221' title='bbox 311 3057 538 3136; x_wconf 73' lang='lat' dir='ltr'>Xaptoaodas</span> <span class='ocrx_word' id='word_1_222' title='bbox 560 3053 646 3119; x_wconf 91' lang='lat' dir='ltr'>enim</span> <span class='ocrx_word' id='word_1_223' title='bbox 668 3053 695 3119; x_wconf 92' lang='lat' dir='ltr'>si</span> <span class='ocrx_word' id='word_1_224' title='bbox 724 3053 876 3136; x_wconf 90' lang='lat' dir='ltr'>scriptum</span> <span class='ocrx_word' id='word_1_225' title='bbox 899 3058 998 3134; x_wconf 88' lang='lat' dir='ltr'>esset,</span> <span class='ocrx_word' id='word_1_226' title='bbox 1031 3051 1075 3116; x_wconf 90' lang='lat' dir='ltr'>ad</span> <span class='ocrx_word' id='word_1_227' title='bbox 1097 3051 1217 3134; x_wconf 89' lang='lat' dir='ltr'>dqnum</span> <span class='ocrx_word' id='word_1_228' title='bbox 1238 3054 1338 3137; x_wconf 90' lang='lat' dir='ltr'>illud,</span> <span class='ocrx_word' id='word_1_229' title='bbox 1368 3075 1427 3139; x_wconf 91' lang='lat' dir='ltr'>quo</span> 
     </span>
     <span class='ocr_line' id='line_1_28' title="bbox 311 3149 1428 3234; baseline -0.002 -14"><span class='ocrx_word' id='word_1_230' title='bbox 311 3153 488 3220; x_wconf 89' lang='lat' dir='ltr'>Pausanias</span> <span class='ocrx_word' id='word_1_231' title='bbox 509 3151 577 3234; x_wconf 90' lang='lat' dir='ltr'>regi</span> <span class='ocrx_word' id='word_1_232' title='bbox 598 3150 766 3216; x_wconf 88' lang='lat' dir='ltr'>Persarum</span> <span class='ocrx_word' id='word_1_233' title='bbox 788 3149 959 3233; x_wconf 89' lang='lat' dir='ltr'>gratificari</span> <span class='ocrx_word' id='word_1_234' title='bbox 981 3151 1116 3234; x_wconf 83' lang='lat' dir='ltr'>cupivit,</span> <span class='ocrx_word' id='word_1_235' title='bbox 1140 3157 1300 3234; x_wconf 80' lang='lat' dir='ltr'>spectaret</span> <span class='ocrx_word' id='word_1_236' title='bbox 1323 3154 1428 3223; x_wconf 81' lang='lat' dir='ltr'>(liceat</span> 
     </span>
     <span class='ocr_line' id='line_1_29' title="bbox 310 3247 1428 3330; baseline 0.001 -14"><span class='ocrx_word' id='word_1_237' title='bbox 310 3251 484 3316; x_wconf 80' lang='lat' dir='ltr'>vernacule</span> <span class='ocrx_word' id='word_1_238' title='bbox 511 3254 653 3314; x_wconf 85' lang='lat' dir='ltr'>vertere:</span> <span class='ocrx_word' id='word_1_239' title='bbox 687 3249 818 3330; x_wconf 92' lang='lat' dir='ltr'>„indem</span> <span class='ocrx_word' id='word_1_240' title='bbox 845 3249 896 3313; x_wconf 91' lang='lat' dir='ltr'>ich</span> <span class='ocrx_word' id='word_1_241' title='bbox 925 3248 974 3312; x_wconf 91' lang='lat' dir='ltr'>dir</span> <span class='ocrx_word' id='word_1_242' title='bbox 996 3247 1141 3312; x_wconf 90' lang='lat' dir='ltr'>dadurch</span> <span class='ocrx_word' id='word_1_243' title='bbox 1163 3248 1258 3314; x_wconf 90' lang='lat' dir='ltr'>einen</span> <span class='ocrx_word' id='word_1_244' title='bbox 1281 3249 1428 3318; x_wconf 84' lang='lat' dir='ltr'>Gefallen</span> 
     </span>
     <span class='ocr_line' id='line_1_30' title="bbox 311 3343 1429 3433; baseline -0.001 -18"><span class='ocrx_word' id='word_1_245' title='bbox 311 3349 466 3415; x_wconf 86' lang='lat' dir='ltr'>erweisen</span> <span class='ocrx_word' id='word_1_246' title='bbox 482 3346 593 3428; x_wconf 85' lang='lat' dir='ltr'>will“),</span> <span class='ocrx_word' id='word_1_247' title='bbox 615 3343 818 3429; x_wconf 74' lang='grc' dir='ltr'><em>χαρίζεσθαι</em></span> <span class='ocrx_word' id='word_1_248' title='bbox 841 3365 917 3411; x_wconf 89' lang='lat' dir='ltr'>vero</span> <span class='ocrx_word' id='word_1_249' title='bbox 939 3346 1035 3412; x_wconf 91' lang='lat' dir='ltr'>latius</span> <span class='ocrx_word' id='word_1_250' title='bbox 1056 3351 1146 3430; x_wconf 89' lang='lat' dir='ltr'>patet</span> <span class='ocrx_word' id='word_1_251' title='bbox 1167 3347 1345 3431; x_wconf 90' lang='lat' dir='ltr'>meliusque</span> <span class='ocrx_word' id='word_1_252' title='bbox 1360 3369 1429 3433; x_wconf 87' lang='lat' dir='ltr'>per·</span> 
     </span>
     <span class='ocr_line' id='line_1_31' title="bbox 311 3444 1426 3530; baseline 0.001 -20"><span class='ocrx_word' id='word_1_253' title='bbox 311 3446 409 3510; x_wconf 90' lang='lat' dir='ltr'>fidum</span> <span class='ocrx_word' id='word_1_254' title='bbox 431 3445 604 3530; x_wconf 86' lang='lat' dir='ltr'>proditoris</span> <span class='ocrx_word' id='word_1_255' title='bbox 626 3444 767 3508; x_wconf 90' lang='lat' dir='ltr'>animum</span> <span class='ocrx_word' id='word_1_256' title='bbox 782 3444 979 3528; x_wconf 78' lang='lat' dir='ltr'>exsequitur3</span> <span class='ocrx_word' id='word_1_257' title='bbox 1003 3465 1078 3510; x_wconf 91' lang='lat' dir='ltr'>nam</span> <span class='ocrx_word' id='word_1_258' title='bbox 1094 3464 1159 3508; x_wconf 92' lang='lat' dir='ltr'>non</span> <span class='ocrx_word' id='word_1_259' title='bbox 1174 3444 1277 3508; x_wconf 91' lang='lat' dir='ltr'>solum</span> <span class='ocrx_word' id='word_1_260' title='bbox 1293 3447 1426 3529; x_wconf 81' lang='lat' dir='ltr'>captivis</span> 
     </span>
     <span class='ocr_line' id='line_1_32' title="bbox 312 3539 1426 3624; baseline 0.001 -17"><span class='ocrx_word' id='word_1_261' title='bbox 312 3543 454 3610; x_wconf 89' lang='lat' dir='ltr'>remissis</span> <span class='ocrx_word' id='word_1_262' title='bbox 475 3543 668 3608; x_wconf 89' lang='lat' dir='ltr'>Pausaniam</span> <span class='ocrx_word' id='word_1_263' title='bbox 689 3542 758 3624; x_wconf 89' lang='lat' dir='ltr'>regi</span> <span class='ocrx_word' id='word_1_264' title='bbox 779 3539 958 3624; x_wconf 88' lang='lat' dir='ltr'>gratificari,</span> <span class='ocrx_word' id='word_1_265' title='bbox 982 3541 1040 3608; x_wconf 92' lang='lat' dir='ltr'>sed</span> <span class='ocrx_word' id='word_1_266' title='bbox 1062 3542 1192 3606; x_wconf 91' lang='lat' dir='ltr'>omnino</span> <span class='ocrx_word' id='word_1_267' title='bbox 1214 3542 1244 3608; x_wconf 90' lang='lat' dir='ltr'>ei</span> <span class='ocrx_word' id='word_1_268' title='bbox 1266 3541 1426 3608; x_wconf 88' lang='lat' dir='ltr'>addictum</span> 
     </span>
     <span class='ocr_line' id='line_1_33' title="bbox 313 3637 1428 3722; baseline 0.002 -16"><span class='ocrx_word' id='word_1_269' title='bbox 313 3646 346 3706; x_wconf 87' lang='lat' dir='ltr'>st</span> <span class='ocrx_word' id='word_1_270' title='bbox 378 3640 530 3706; x_wconf 86' lang='lat' dir='ltr'>devotum</span> <span class='ocrx_word' id='word_1_271' title='bbox 562 3659 633 3705; x_wconf 90' lang='lat' dir='ltr'>esse</span> <span class='ocrx_word' id='word_1_272' title='bbox 665 3637 815 3706; x_wconf 89' lang='lat' dir='ltr'>ostendit.</span> <span class='ocrx_word' id='word_1_273' title='bbox 870 3637 993 3704; x_wconf 78' lang='lat' dir='ltr'>Eadem</span> <span class='ocrx_word' id='word_1_274' title='bbox 1024 3639 1121 3722; x_wconf 88' lang='lat' dir='ltr'>igitur</span> <span class='ocrx_word' id='word_1_275' title='bbox 1142 3640 1176 3704; x_wconf 92' lang='lat' dir='ltr'>vi</span> <span class='ocrx_word' id='word_1_276' title='bbox 1208 3645 1240 3706; x_wconf 90' lang='lat' dir='ltr'>et</span> <span class='ocrx_word' id='word_1_277' title='bbox 1270 3641 1428 3722; x_wconf 82' lang='lat' dir='ltr'>gravitate</span> 
     </span>
     <span class='ocr_line' id='line_1_34' title="bbox 312 3735 1426 3822; baseline 0.001 -21"><span class='ocrx_word' id='word_1_278' title='bbox 312 3756 468 3822; x_wconf 89' lang='lat' dir='ltr'>praesens</span> <span class='ocrx_word' id='word_1_279' title='bbox 489 3744 616 3821; x_wconf 91' lang='lat' dir='ltr'>tempus</span> <span class='ocrx_word' id='word_1_280' title='bbox 637 3737 689 3802; x_wconf 91' lang='lat' dir='ltr'>hie</span> <span class='ocrx_word' id='word_1_281' title='bbox 709 3737 896 3801; x_wconf 89' lang='lat' dir='ltr'>instructum</span> <span class='ocrx_word' id='word_1_282' title='bbox 913 3744 1050 3820; x_wconf 77' lang='lat' dir='ltr'>estque</span> <span class='ocrx_word' id='word_1_283' title='bbox 1067 3737 1155 3821; x_wconf 87' lang='lat' dir='ltr'>apud</span> <span class='ocrx_word' id='word_1_284' title='bbox 1170 3735 1426 3818; x_wconf 89' lang='lat' dir='ltr'>Demosthenem,</span> 
     </span>
     <span class='ocr_line' id='line_1_35' title="bbox 314 3831 1426 3919; baseline 0.001 -19"><span class='ocrx_word' id='word_1_285' title='bbox 314 3855 385 3900; x_wconf 91' lang='lat' dir='ltr'>cum</span> <span class='ocrx_word' id='word_1_286' title='bbox 407 3833 586 3918; x_wconf 86' lang='lat' dir='ltr'>proditores</span> <span class='ocrx_word' id='word_1_287' title='bbox 607 3835 741 3919; x_wconf 87' lang='lat' dir='ltr'>patriae,</span> <span class='ocrx_word' id='word_1_288' title='bbox 765 3834 818 3917; x_wconf 92' lang='lat' dir='ltr'>qui</span> <span class='ocrx_word' id='word_1_289' title='bbox 833 3834 983 3918; x_wconf 92' lang='lat' dir='ltr'>Philippo</span> <span class='ocrx_word' id='word_1_290' title='bbox 998 3833 1160 3917; x_wconf 87' lang='lat' dir='ltr'>favebant,</span> <span class='ocrx_word' id='word_1_291' title='bbox 1183 3831 1262 3910; x_wconf 75' lang='grc' dir='ltr'><strong><em>τοὺς</em></strong></span> <span class='ocrx_word' id='word_1_292' title='bbox 1283 3832 1426 3915; x_wconf 81' lang='grc' dir='ltr'><em>μάλιστα</em></span> 
     </span>
     <span class='ocr_line' id='line_1_36' title="bbox 315 3929 1426 4018; baseline 0.002 -22"><span class='ocrx_word' id='word_1_293' title='bbox 315 3929 491 4014; x_wconf 76' lang='grc' dir='ltr'><strong><em>οἰομένους</em></strong></span> <span class='ocrx_word' id='word_1_294' title='bbox 513 3929 602 4018; x_wconf 73' lang='grc' dir='ltr'><em>αὐτῷ</em></span> <span class='ocrx_word' id='word_1_295' title='bbox 616 3931 820 4016; x_wconf 74' lang='grc' dir='ltr'><strong><em>χαρίζεσθαι</em></strong></span> <span class='ocrx_word' id='word_1_296' title='bbox 836 3931 911 3996; x_wconf 82' lang='lat' dir='ltr'>dicit</span> <span class='ocrx_word' id='word_1_297' title='bbox 934 3932 999 4008; x_wconf 86' lang='lat' dir='ltr'>(Or.</span> <span class='ocrx_word' id='word_1_298' title='bbox 1015 3931 1095 3996; x_wconf 92' lang='lat' dir='ltr'>VIII</span> <span class='ocrx_word' id='word_1_299' title='bbox 1110 3933 1129 4011; x_wconf 63' lang='grc' dir='ltr'><strong>ξ</strong></span> <span class='ocrx_word' id='word_1_300' title='bbox 1146 3935 1206 4009; x_wconf 85' lang='grc'><strong>41)).</strong></span> <span class='ocrx_word' id='word_1_301' title='bbox 1230 3929 1426 4014; x_wconf 79' lang='lat' dir='ltr'>Quamquam</span> 
     </span>
     <span class='ocr_line' id='line_1_37' title="bbox 313 4027 1429 4114; baseline 0.003 -20"><span class='ocrx_word' id='word_1_302' title='bbox 313 4027 489 4096; x_wconf 86' lang='lat' dir='ltr'>tenendum</span> <span class='ocrx_word' id='word_1_303' title='bbox 518 4035 566 4094; x_wconf 90' lang='lat' dir='ltr'>est</span> <span class='ocrx_word' id='word_1_304' title='bbox 588 4029 743 4113; x_wconf 81' lang='lat' dir='ltr'>Graecos,</span> <span class='ocrx_word' id='word_1_305' title='bbox 774 4029 826 4112; x_wconf 92' lang='lat' dir='ltr'>qui</span> <span class='ocrx_word' id='word_1_306' title='bbox 853 4028 900 4096; x_wconf 89' lang='lat' dir='ltr'>rei</span> <span class='ocrx_word' id='word_1_307' title='bbox 929 4035 1079 4096; x_wconf 88' lang='lat' dir='ltr'>narratae</span> <span class='ocrx_word' id='word_1_308' title='bbox 1099 4047 1302 4114; x_wconf 85' lang='lat' dir='ltr'>progressum</span> <span class='ocrx_word' id='word_1_309' title='bbox 1324 4039 1429 4098; x_wconf 88' lang='lat' dir='ltr'>mente</span> 
     </span>
    </p>
   </div>
   <div class='ocr_carea' id='block_1_7' title="bbox 0 0 1540 4932">
    <p class='ocr_par' dir='ltr' id='par_1_7' title="bbox 0 0 1540 4932">
     <span class='ocr_line' id='line_1_38' title="bbox 0 0 1540 4932; baseline 0 0"><span class='ocrx_word' id='word_1_310' title='bbox 0 0 1540 4932; x_wconf 95' lang='lat' dir='ltr'> </span> 
     </span>
    </p>
   </div>
  </div>
 </body>
</html>
