3050 4932
621 484 660 548 35

163 657 351 724 διδάσκω
380 657 538 744 (suadeo).
582 661 761 730 infinitivus
795 665 989 748 praesentis:
1021 665 1046 746 I,
1079 669 1147 744 136,
1178 670 1197 730 2

74 756 294 836 καθέζεσθαι
317 755 377 823 ἐπὶ
398 756 458 845 τὴν
482 757 607 826 ἑστίαν.
635 761 688 841 IV,
712 764 763 842 46,
788 766 805 826 3
831 759 1027 843 διδάξαντες
1050 755 1096 838 ὦς’
1119 759 1195 826 κατ’

73 852 209 922 εδνοιαν
240 853 279 942 δὴ
303 853 422 938 λέγειν.
451 855 519 937 VH,
552 860 600 938 18,
625 861 643 920 2
666 857 821 938 τειχίζειν
843 861 898 926 καὶ
919 859 964 948 μὴ
988 856 1117 925 ἀνιέναι
1139 858 1197 924 τὸν

73 951 235 1040 πόλεμοιρ
284 953 465 1019 Infinitivus
493 954 616 1018 acuisti:
653 955 724 1034 IV,
744 959 793 1037 83,
824 960 843 1020 2
872 956 917 1045 μὴ
947 953 1121 1038 ὑπεξελεῖν
1149 963 1196 1042 τῷ

71 1049 249 1136 Περδίκκᾳ
281 1049 323 1114 τδι
357 1049 460 1115 δεινά.
498 1051 583 1132 VIII,
620 1057 669 1134 45,
704 1056 722 1118 3
761 1049 843 1130 ὥςτε
873 1066 1002 1121 πεῖσαι.
1033 1055 1057 1136 Ι,
1085 1059 1196 1136 1232

74 1146 194 1231 διδαχὴ
220 1185 261 1194 -
285 1145 367 1224 δίςτε
392 1145 621 1232 φυλάξασθαι.

159 1243 344 1327 μάθοιτε
368 1247 558 1327 (sequamini
580 1269 639 1314 nos
662 1248 846 1331 suadentes,
869 1251 949 1316 lasst
972 1249 1049 1316 euch
1066 1248 1195 1336 rathen)

70 1341 116 1430 prr}
142 1348 320 1427 προέσθαι
343 1337 431 1431 ἡμᾶς
453 1345 478 1426 Ι,
502 1349 552 1427 36,
577 1350 605 1412 3.

159 1443 287 1524 Restat,
323 1449 357 1506 ut
385 1441 467 1506 illud
489 1448 641 1527 πέμψαι,
666 1443 750 1525 quod
773 1452 821 1511 est
843 1446 877 1510 in
899 1449 1045 1510 sermone
1067 1445 1196 1528 obliquo

72 1541 129 1623 IV,
155 1545 205 1622 50,
223 1543 252 1617 3,
277 1538 420 1623 duosque
441 1539 626 1623 infinitivus,
651 1543 705 1624 qui
726 1543 907 1626 imperativi
930 1541 1196 1624 significationem

70 1640 205 1719 habent,
235 1638 423 1702 afferamus:
457 1639 494 1710 V,
519 1641 547 1719 9,
572 1645 590 1703 5
621 1637 660 1704 σδ
692 1638 727 1705 δὲ
751 1640 923 1724 Κλεαρίδα
952 1637 1115 1706 ἐπεκθεῖν
1140 1641 1196 1705 καὶ

72 1737 280 1821 ἐντείνεσθαι
303 1741 335 1800 et
356 1735 409 1817 Vl,
433 1740 484 1818 34,
508 1739 526 1800 8
549 1743 762 1829 παραστῆναι
784 1743 897 1802 παντί.

160 1833 295 1898 Collatis
317 1833 464 1898 omnibus
487 1834 660 1917 exemplis,
684 1855 766 1916 quae
789 1855 859 1901 cum
882 1835 964 1917 lege,
987 1834 1021 1898 in
1044 1854 1107 1916 qua
1128 1854 1197 1900 ver·
1291 1815 1304 1846 ⁴

72 1953 199 2012 samur,
221 1937 413 2013 congruunt,
438 1931 465 1996 si
483 1930 553 2014 jam
575 1932 618 1998 ad
641 1951 680 1998 ea
701 1933 898 2014 accedimus,
927 1951 1009 2014 quae
1033 1932 1061 1996 ei
1083 1951 1196 2016 repug·

71 2037 164 2110 nant,
180 2028 318 2094 maxime
332 2048 497 2093 movemur
510 2029 683 2096 insolentia
698 2031 860 2113 loquendi,
875 2050 960 2112 quae
975 2037 1024 2095 est
1038 2029 1091 2112 Vl,
1110 2034 1160 2112 57,
1177 2033 1196 2094 2

72 2126 253 2213 ἐβούλοντο
276 2162 319 2171 -
340 2124 680 2214 πρατιμιορήσεαθαι.
725 2129 835 2213 Poppo
868 2127 996 2210 quidem
1030 2127 1063 2191 in
1096 2148 1196 2194 anno-

71 2228 195 2292 tatione
228 2224 387 2306 acquievit
419 2224 453 2288 in
484 2225 605 2306 futuro,
640 2225 725 2307 quod
758 2247 828 2290 cum
861 2223 1051 2309 βούλεσθαι
1082 2225 1195 2289 iterum

71 2327 284 2408 cap.101,4
316 2321 519 2405 conjunctum
553 2341 623 2388 esse
657 2322 749 2403 dicit,
782 2322 841 2388 sed
873 2322 934 2386 hoo
966 2323 1036 2389 loco
1070 2322 1140 2404 ipse
1162 2330 1197 2386 ut

72 2441 186 2488 omnes
226 2418 364 2486 editores
397 2420 586 2502 optimorum
620 2418 764 2484 codicum
797 2418 1005 2504 scripturam,
1042 2419 1195 2493 aoristum

71 2515 355 2606 ἀποκίῄοασθοιι,
387 2516 554 2600 adoptavit
576 2536 677 2599 eoque
699 2517 870 2598 concessit,
897 2516 1034 2582 futurum
1057 2517 1195 2590 hicnon

71 2619 193 2684 hahere
215 2617 329 2680 locum.
374 2617 416 2680 llt
443 2635 517 2680 mea
544 2614 672 2698 quidem
702 2615 861 2681 sententia
882 2615 937 2697 Vl,
961 2619 1012 2697 57,
1036 2618 1054 2678 2
1076 2616 1196 2698 pariter

71 2723 120 2782 cst
143 2713 326 2780 delendum.
372 2711 464 2778 Certe
486 2719 610 2778 veteres
641 2713 840 2795 grammatici
869 2713 973 2790 (sicuti
994 2712 1195 2796 Phrynichus

71 2834 146 2897 pag.
171 2815 233 2876 336
262 2809 312 2875 ed.
342 2810 570 2876 Lobeckianae
599 2817 630 2876 et
652 2811 794 2876 Thomas
822 2811 975 2892 Magister
1004 2829 1077 2894 pag.
1101 2813 1150 2890 68,
1174 2815 1194 2874 4

71 2911 121 2978 ed.
145 2905 400 2993 Ritschelianae)
423 2904 588 2990 βούλομαι
611 2907 708 2973 verbo
737 2907 927 2973 infinitivum
950 2907 1044 2973 futuri
1067 2908 1193 2972 annecti

70 3013 194 3075 vetant.
224 3006 422 3088 Quamquam
446 3003 684 3070 concedendum
706 3013 764 3086 cst,
787 3012 912 3072 veteres
926 3005 1001 3072 illos
1015 3004 1194 3088 magistros,

74 3107 151 3190 „qui
188 3104 294 3168 omnia
328 3103 463 3168 mallent
498 3103 541 3168 ad
570 3102 837 3186 perpendiculum
869 3101 1028 3181 directa“,
1065 3102 1194 3186 saepius

71 3223 163 3269 usum
186 3200 336 3283 loquendi
360 3201 547 3284 scriptorum
570 3200 672 3282 magis
687 3197 729 3266 ad
742 3199 906 3264 arbitrium
923 3197 1084 3266 definiisse
1099 3220 1193 3282 quam

71 3301 244 3382 diligenter
264 3297 446 3382 indagasse,
469 3299 502 3362 in
526 3317 587 3380 quo
611 3296 859 3375 demonstrando
880 3295 1063 3362 Lobeokius
1083 3297 1118 3362 in
1139 3318 1193 3362 an-

72 3397 291 3463 notationibus
321 3397 364 3462 ad
386 3397 561 3480 Phrynichi
582 3397 698 3461 librum
721 3414 794 3478 pag.
818 3398 879 3458 746
903 3413 970 3476 sqq.
994 3396 1112 3460 multus
1135 3402 1195 3487 est,

71 3515 244 3562 caveamus
277 3501 401 3572 tamen
438 3514 480 3559 ne
512 3513 583 3578 cum
612 3493 777 3560 inutilibus
804 3490 984 3574 praeceptis
1011 3491 1193 3574 rejiciamus

71 3594 165 3659 utilia
201 3613 284 3658 neve
322 3591 464 3658 dicamus
496 3589 567 3658 fixis
604 3591 749 3656 terminis
785 3587 1011 3655 infinitivorum
1048 3596 1193 3674 tempora

73 3710 200 3758 carere:
223 3711 297 3756 nam
320 3688 496 3754 infinitivus
518 3688 615 3754 futuri
630 3709 650 3754 a
665 3687 844 3772 praesentis
861 3692 892 3750 et
907 3686 1017 3752 aoristi
1033 3684 1192 3752 infinitivo
1227 3718 1230 3725 ·

72 3788 259 3854 certissimis
287 3787 456 3852 limitibus
472 3786 657 3869 sejungitur.
700 3785 827 3851 Etenim
850 3783 905 3848 ubi
926 3781 1100 3850 infinitivus
1123 3806 1193 3869 pro·

73 3887 211 3970 positum
242 3905 304 3968 quo
338 3885 408 3966 quis
436 3883 540 3949 tendit
560 3882 698 3965 indicat,
727 3887 879 3962 nonest,
910 3901 965 3946 cur
986 3881 1079 3946 futuri
1104 3883 1192 3950 notio

75 3984 233 4048 efferatur.
273 3980 490 4047 Foedissimus
513 4001 592 4048 saue
615 3980 765 4046 evaderet
786 3979 1001 4062 pleonasmus,
1025 3979 1052 4044 si
1075 3979 1192 4046 dicere-

72 4101 142 4147 mus
164 4077 330 4164 βούλομαι
353 4078 510 4164 ποιήσειν
527 4084 568 4160 et,
591 4078 675 4162 quod
691 4079 794 4161 majus
810 4084 867 4160 est,
891 4077 1054 4160 alinguae
1069 4078 1191 4142 ratione

950 4179 987 4230 3*
