3050 4932
637 439 678 500 37

97 611 143 696 (A
166 612 194 676 Β
218 613 245 678 Ε
268 611 309 697 F)
331 633 389 696 pro
410 617 623 696 τραπέσθαι,
646 614 777 697 quibus,
801 613 921 681 Gobeto
943 623 1083 700 auctore,
1106 635 1147 682 cx
1168 617 1226 684 ali·

96 731 191 776 orum
228 711 417 794 scrIptcrum
452 711 543 776 libris
571 710 691 777 addam
724 711 1087 797 σογκασαβιώσοισθαι,
1120 737 1225 800 προς·
1336 726 1340 738 ·

97 807 271 890 άξασθαι,
307 801 583 874 ὗιιακούσασθαι.
634 811 713 892 „Aa
741 811 865 894 inquiat
894 811 981 894 quis,
1014 811 1066 876 hic
1095 810 1224 892 quidem

97 905 228 972 codices
263 912 372 972 mutuo
405 905 540 972 mendas
567 927 642 972 suas
671 907 841 992 detegun13
878 910 937 976 sed
964 910 1020 974 ubi
1047 910 1162 974 mirum
1190 911 1224 975 in

96 1003 230 1070 modum
253 1002 457 1070 consentiunt
477 1011 644 1088 rectasque
665 1005 784 1072 formas
806 1007 971 1091 praebent,
994 1007 1095 1073 veluti
1116 1007 1155 1072 in
1164 1007 1222 1073 illo

97 1101 303 1187 Thucydidis
324 1101 410 1181 loco,
441 1101 522 1166 nihil
544 1109 594 1193 est
615 1101 700 1185 quod
723 1104 923 1170 emendetur:
952 1105 1123 1171 Bekkerus
1145 1124 1225 1172 sane

98 1201 263 1281 ceterique
284 1198 422 1264 editores
444 1197 487 1264 ad
510 1219 607 1264 unum
630 1220 740 1268 omnes
761 1221 827 1266 non
847 1202 918 1267 ausi
932 1209 1006 1267 sunt
1020 1201 1226 1269 emendare.“

98 1298 334 1373 Nihilominus,
371 1295 430 1360 etsi
462 1297 664 1378 temerarium
694 1299 821 1364 videtur
849 1299 1000 1365 Bekkero
1035 1319 1225 1383 repugnare,

97 1397 206 1462 iacere
227 1409 294 1460 non
315 1413 446 1478 possum
468 1396 544 1477 quin
565 1395 895 1483 κροσιμωρήσεσθαι
916 1405 1035 1462 mutem
1056 1399 1090 1462 in
1105 1422 1226 1482 προτι-

98 1491 333 1579 μωρήσασθαι
347 1493 508 1558 aoristum.
531 1493 663 1558 Maximi
680 1494 828 1578 equidem
843 1495 986 1560 codicum
1003 1496 1225 1562 auctoritatem

99 1592 194 1674 facio,
217 1593 251 1656 in
273 1611 337 1672 qua
359 1597 407 1656 est
429 1610 523 1656 omne
537 1591 779 1657 fundamentum
795 1592 872 1658 artis
888 1593 1025 1675 criticae,
1049 1593 1107 1659 sed
1123 1593 1226 1676 magis

101 1691 171 1756 colo
192 1689 360 1754 rationem.
397 1688 519 1770 Neque,
543 1690 706 1772 cumipse
728 1689 914 1770 Bekkerus,
937 1690 998 1756 hoc
1019 1697 1225 1774 praeceptum

104 1795 242 1868 secutus,
266 1787 423 1869 neglectis
446 1787 592 1851 omnibus
615 1786 786 1865 codicibus,
802 1787 843 1867 II,
860 1792 891 1868 t,
913 1791 948 1851 12
963 1786 1226 1870 προβαλλόντων

102 1885 282 1968 scripserit,
312 1883 374 1966 IV,
402 1887 453 1966 93,
490 1887 529 1946 12
559 1880 808 1966 ἀμυνουμένους
837 1884 1025 1967 restituerit,
1054 1883 1132 1950 aiibi
1161 1887 1228 1950 alia

104 1982 338 2062 emendaverit,
368 2002 427 2048 nos
456 1981 599 2046 codicum
628 1983 801 2048 auotoritas
829 1982 984 2066 impedire
1006 1990 1127 2065 potest,
1151 2003 1236 2065 qu0··

102 2081 207 2146 minus
236 2079 296 2159 VI,
327 2084 383 2160 57,
414 2082 432 2142 2
461 2077 793 2164 προυιμοιρήσασθαι
820 2081 976 2162 legamus.
1021 2079 1143 2159 Quodsi
1165 2083 1226 2148 boc

101 2201 200 2244 unum
223 2175 488 2257 consideraveris,
510 2175 676 2259 βούλομαι
699 2183 730 2242 et
752 2176 864 2243 ἐθέλω
881 2178 980 2243 verba
995 2178 1082 2260 apud
1097 2180 1228 2264 Thucy-

102 2277 213 2342 didem
247 2273 507 2357 quadringenties
543 2295 613 2339 curn
642 2275 821 2358 praesentis
849 2274 902 2338 vel
931 2275 1041 2339 aoristi
1067 2274 1226 2340 infinitivo

101 2373 264 2458 conjungi,
287 2374 387 2438 semel
409 2391 479 2437 cum
502 2372 606 2437 futuro
628 2373 752 2453 sociari,
776 2393 841 2437 non
857 2371 1029 2453 dubitabis,
1048 2372 1129 2453 quin
1144 2373 1227 2439 salse
1257 2458 1259 2462 Ι

104 2472 185 2538 illud
207 2467 468 2556 τιμωρήσεσθαι
490 2470 642 2534 traditum
655 2460 715 2534 'sit

187 2571 253 2652 „At
276 2568 485 2650 διανοοῦμαι,
509 2567 627 2632 dixerit
648 2567 815 2650 quispiam,
840 2567 1008 2649 quinquies
1023 2566 1089 2648 (IV,
1110 2570 1178 2648 115,
1196 2570 1225 2631 2.

108 2673 180 2750 121,
208 2674 234 2731 1.
264 2667 336 2748 VII,
361 2670 411 2747 56,
437 2669 465 2730 1.
488 2665 575 2748 VIII,
600 2671 649 2746 55,
673 2668 703 2728 2.
728 2669 777 2747 74,
802 2668 832 2739 3)
856 2667 926 2729 dun
949 2665 1046 2728 futuri
1068 2663 1226 2729 infinitivo

101 2767 272 2850 copulatur
294 2771 326 2830 et
348 2762 482 2828 διάνοια
507 2754 546 2849 ἦν
569 2761 714 2846 ejusdem
736 2763 857 2828 formae
872 2762 1138 2828 consociationem
1154 2763 1228 2827 iniit

101 2866 167 2945 (IV,
205 2867 255 2943 52,
290 2860 335 2946 2).
387 2863 438 2926 An
472 2861 665 2927 emendandi
698 2866 771 2925 sunt
801 2860 835 2923 hi
868 2860 946 2942 loci3
984 2859 1083 2924 etiam
1117 2858 1225 2924 οἴσειν

101 2963 169 3043 (IV,
202 2964 273 3041 121,
306 2958 337 3044 1)
366 2960 398 3022 in
428 2958 589 3043 ἐνεγκεῖν,
623 2957 753 3044 ἐνήσειν
784 2956 854 3038 (IV,
892 2962 961 3040 115,
986 2955 1019 3041 2)
1042 2958 1076 3022 in
1099 2955 1225 3022 ἐνεῖναι

99 3057 336 3124 mutandum?“
359 3058 499 3123 Minime.
522 3057 656 3139 „Itaque
678 3075 807 3140 prorsus
829 3053 916 3119 idem
931 3075 1002 3120 esse
1017 3073 1139 3130 censes,
1156 3054 1225 3121 sive
1341 3081 1345 3087 ’

101 3178 173 3223 cum
196 3155 320 3236 aoristi,
352 3156 421 3220 sive
443 3175 514 3218 curn
535 3154 631 3220 futuri
653 3152 809 3218 infinitivo
826 3153 1045 3236 'conjungatur
1068 3150 1226 3216 διανοοῦ-

101 3255 196 3338 μαι.“
237 3253 278 3318 Et
299 3253 360 3317 hoc
382 3272 508 3335 quoque
530 3271 622 3333 nego.
664 3251 745 3316 Sunt
767 3251 852 3316 enim
874 3251 997 3332 aliquot
1011 3250 1119 3330 verba,
1143 3265 1233 3331 quae

102 3353 196 3419 simul
226 3355 258 3416 et
280 3350 344 3414 vim
374 3347 502 3415 dicendi
531 3348 734 3431 cogitandive
763 3348 885 3414 habent
902 3352 939 3412 'et
960 3347 1060 3412 verba
1083 3345 1225 3432 ἐγειικὰ

103 3471 175 3516 esse
203 3454 353 3532 possunt,
384 3467 516 3530 quorum
539 3447 618 3528 duo,
648 3443 763 3526 ἀξιοῦν
792 3444 1009 3525 ε1ι1ικαιοῡν,
1034 3443 1105 3526 jam
1127 3463 1226 3526 supra

101 3547 319 3614 tractavimus.
364 3545 417 3610 Sic
444 3543 618 3627 γιγνώσκοι
646 3544 793 3628 primitus
815 3549 863 3608 est
886 3561 1086 3624 cognoscere,
1110 3539 1223 3630 γνώμη
1342 3579 1344 3592 -

101 3645 277 3720 sententia;
312 3663 382 3707 cum
410 3661 486 3707 vero
514 3643 649 3708 scientia
677 3649 709 3707 et
737 3640 895 3706 sententia
917 3639 1012 3704 modo
1034 3637 1068 3702 id
1090 3644 1225 3721 spectet,

101 3743 187 3827 quod
209 3761 286 3808 vere
308 3747 370 3821 est,
392 3739 488 3805 modo
508 3739 607 3820 illud,
637 3738 722 3823 quod
745 3756 815 3802 csse
838 3736 949 3818 debet,
972 3733 1170 3820 γιγνώσκειν
1193 3749 1225 3802 et

102 3839 215 3927 γνώμη
238 3840 273 3904 in
296 3835 560 3920 significationem
582 3835 744 3904 statuendi
765 3834 893 3915 abeunt,
909 3834 930 3898 i.
947 3853 974 3898 e.
991 3853 1008 3898 e
1023 3833 1121 3900 verbo
1138 3835 1225 3917 cogi-

102 3938 194 4004 tandi
217 3935 327 4004 evadit
355 3935 599 4016 voluntativnm,
623 3930 788 4020 ἕφειικόν.
836 3931 919 3997 Hinc
942 3932 1092 4013 sequitur,
1116 3939 1150 3996 ut
1171 3954 1223 4014 γι-

103 4033 241 4120 γνώσκω
276 4032 356 4100 duas
383 4033 502 4100 habeat
534 4039 724 4098 stmcturas:
757 4030 812 4094 ubi
841 4031 926 4096 enim
954 4028 1111 4113 significat
1132 4027 1225 4111 scire,
