3050 4932
852 443 892 505 52

315 625 473 708 andern,“
495 623 581 708 quod
602 623 768 707 aptissimo
789 621 939 705 exemplo
960 619 1115 700 illustrat,
1138 639 1210 685 eum
1232 643 1308 707 pag.
1332 627 1372 687 41
1399 627 1460 692 sie

315 727 435 812 pergit:
459 721 629 807 „Deutlieh
651 721 719 786 tritt
740 720 822 786 auoh
844 719 928 784 Xon.
945 715 1061 802 Cyrop.
1077 719 1103 798 I,
1125 723 1155 801 4,
1182 725 1221 785 10
1243 722 1277 786 in
1300 721 1340 788 οὗ
1363 731 1460 806 μέν·

313 849 369 890 τοι
393 823 513 904 δέομαί
534 843 571 903 γε
593 816 719 883 τούτων
742 815 890 898 οὐδενός,
918 811 1001 892 doro
1025 818 1063 881 σὲ
1087 815 1292 885 κινδυνεύειν
1314 821 1457 904 berver,

314 923 392 988 dass
415 921 472 985 der
492 919 527 984 in
548 914 632 994 diets
648 917 706 982 mit
721 915 795 982 dem
810 913 952 980 Iniinitit⁷
967 913 1154 980 euthaltene
1169 916 1332 984 Gedaoke
1353 921 1459 986 nieht

315 1016 527 1104 degenstand
549 1016 637 1082 einer
659 1017 804 1098 Aussage
831 1015 873 1079 ist
900 1011 979 1078 oder
1001 1011 1192 1097 Bedentung
1212 1015 1263 1080 idn
1284 1013 1353 1084 sioh
1380 1019 1481 1100 hat,-

316 1116 456 1184 sondem
478 1113 529 1180 eis
551 1112 856 1194 Gradbestimmung
877 1111 927 1174 fer
954 1110 1013 1176 das
1035 1129 1346 1196 vorausgegangene
1369 1117 1457 1183 Pra-

319 1215 406 1279 dieat
429 1209 550 1277 dient.“
573 1210 628 1294 (of.
650 1209 733 1275 Plat.
756 1209 851 1294 Apol.
874 1229 948 1292 pag.
973 1207 1054 1274 370
1078 1207 1109 1273 εἰ
1132 1205 1239 1287 οὕτως
1261 1207 1455 1296 &sapaces

317 1311 389 1392 εἰμι
411 1306 494 1387 dicte
516 1307 560 1394 μὴ
581 1305 983 1390 ὁύνασθαιλογίζεσθαι,
1006 1325 1102 1371 wenn
1117 1307 1169 1372 ioh
1185 1310 1456 1397 seuwaohsinnig

316 1401 1474 1492 mwfflmfflmmmdmmmm.

316 1506 525 1592 pm'migonius
559 1503 618 1568 ille
657 1500 834 1568 infinitivus
864 1518 936 1566 eum
969 1497 1052 1578 ὤςτε
1089 1504 1279 1586 eonjunotus
1316 1513 1455 1592 tompus

316 1624 447 1690 prorsus
469 1623 534 1668 non
555 1599 735 1681 indicabat,
769 1597 828 1665 sed
855 1617 956 1682 genus
977 1600 1081 1665 solum
1102 1602 1248 1668 aetionis.
1292 1605 1455 1671 Attamen

315 1723 406 1783 osvo,
429 1719 472 1765 ue
490 1698 675 1784 primatiam
697 1695 794 1780 hujus
814 1697 983 1762 locutionis
998 1697 1062 1764 vim
1084 1698 1285 1764 immutatam
1307 1707 1341 1767 et
1362 1702 1454 1769 inte-

316 1819 407 1883 giam
440 1817 498 1882 per
530 1797 638 1862 omnia
665 1796 795 1862 saeeuls
822 1794 857 1859 in
884 1793 996 1878 lingua
1023 1815 1140 1878 graece
1167 1797 1229 1862 sibi
1262 1799 1453 1867 constitisse

317 1905 420 1982 putes.
464 1895 548 1960 Nam
571 1911 642 1960 enm
665 1889 781 1960 Graeci
805 1899 879 1976 post
900 1887 984 1969 ὥςτε
1007 1892 1264 1974 conjunctionem
1287 1901 1320 1962 et
1341 1896 1454 1964 infini-

316 1996 419 2060 tivum
441 1999 473 2058 et
495 1992 627 2058 verbum
654 1990 778 2056 finitum
806 1995 964 2074 ponerent
992 1991 1243 2075 saepissimeque
1270 1991 1378 2076 fieret,
1418 2005 1455 2062 nt

318 2089 433 2157 eadem
455 2090 618 2177 sententie
638 2089 803 2171 utriusque
824 2092 1000 2153 stmotnrae
1022 2087 1189 2170 evaderet,
1218 2089 1296 2173 quid
1318 2093 1452 2174 mirum,

318 2187 405 2272 quod
427 2186 606 2271 promiseue
627 2185 745 2254 ambae
765 2185 1016 2251 construetiones
1038 2185 1186 2252 adhiberi
1213 2193 1349 2273 coeptae
1371 2201 1454 2257 sunt

318 2281 1518 2367 etmfimtinmnmgismagistptequasiiffleatimvmarimfiebat?¹

319 2376 1451 2468 Offlmmwwwmmmmffiffipmmmfflfflmmm

320 2479 403 2558 ὥςτε
433 2479 546 2545 addita
567 2478 760 2564 suppeditat.
805 2479 889 2544 Nam
918 2479 978 2544 etsi
1007 2484 1129 2545 eeteros
1156 2480 1346 2565 infinitivos,
1381 2487 1451 2568 qui,

156 2623 163 2638 .
211 2613 216 2632 =
319 2589 354 2643 nt
376 2579 472 2660 vulgo
495 2577 620 2653 dieitur,
643 2577 684 2642 ab
708 2572 791 2652 ὥςτε
815 2574 967 2658 pendent,
990 2575 1058 2643 fere
1079 2595 1190 2643 omnes
1212 2597 1251 2644 eo
1272 2581 1370 2646 modo
1395 2601 1453 2648 ex-

320 2675 442 2760 pliears
463 2681 566 2758 potes,
588 2691 651 2756 quo
675 2673 743 2736 vult
757 2671 1007 2755 Baeumleinius‚
1031 2673 1100 2756 hos,
1123 2677 1238 2757 quibus
1253 2679 1379 2745 aooedit
1395 2677 1449 2762 ἄν,

320 2768 1451 2857 nmpmmmmnwmwemmmsm‚mmdmm

320 2871 546 2938 consueverint
566 2864 650 2945 ὥςτε
674 2868 850 2951 portioulae
871 2867 962 2932 verbi
991 2865 1070 2934 finiti
1098 2871 1168 2935 loeo
1201 2873 1379 2957 adjungere
1403 2878 1451 2942 in·

321 2970 488 3035 finitivum.
520 2965 679 3048 Equidem
696 2965 777 3030 duos
798 2965 926 3042 loeos¹¹)
948 2966 1188 3052 Thucydidem,
1211 2972 1265 3053 qui
1288 2974 1451 3056 praebent

320 3066 402 3132 iliud
424 3063 474 3144 dv,
497 3065 591 3130 aliter
605 3063 759 3148 expedire
779 3081 918 3144 nequeo:
941 3064 984 3143 11,
1001 3069 1051 3147 49,
1069 3071 1087 3132 3
1109 3065 1152 3132 τὰ
1168 3067 1205 3134 δὲ
1221 3067 1317 3146 ἐντὸς
1340 3067 1450 3149 οὕτως

314 3161 448 3246 Ιἐκάετο,
464 3160 548 3240 ὥςτε
563 3159 899 3248 μήτε-ἀνέχεσθαι,
916 3159 1037 3246 ἥδιστά
1053 3187 1089 3230 τε
1106 3160 1146 3229 ἂν
1162 3164 1198 3242 ἐς
1213 3165 1304 3249 ὕδωρ
1318 3167 1450 3254 ψυχρὸν
1515 3239 1516 3259 ¹

322 3269 415 3350 σφᾶς
438 3257 560 3338 αὐτοὺς
582 3260 725 3348 ῥίπτειν,
748 3265 783 3323 ut
798 3275 902 3340 neque
917 3293 959 3306 -
973 3263 1167 3328 sustinerent
1181 3271 1214 3328 et
1234 3263 1450 3333 libentissime

320 3364 356 3426 in
378 3379 479 3442 aquas
500 3357 626 3442 gelidas
647 3375 683 3423 se
713 3357 917 3439 oonjioerent.
962 3357 1039 3439 v11,
1063 3364 1165 3440 42,4
1195 3356 1277 3436 dimo
1306 3361 1391 3450 μηδ’
1419 3365 1449 3430 εἰ

321 3461 546 3538 μετέπεμψαν
569 3454 620 3520 ἔτι
641 3450 768 3536 ὁμοίως
790 3449 968 3532 ἂναῦτοὺς
983 3454 1138 3544 ὠφελεῖν,
1161 3458 1263 3526 itaut
1285 3462 1378 3528 nesi
1400 3481 1450 3528 ar-

395 3737 426 3800 ¹¹)
443 3735 490 3801 IV,
508 3737 550 3800 29,
560 3738 584 3787 3.
603 3737 644 3800 13,
658 3738 683 3788 3.
703 3737 743 3796 76,
762 3737 778 3784 4
796 3736 823 3786 et
841 3736 881 3798 97,
896 3737 913 3786 3·
929 3734 999 3790 elius
1010 3740 1075 3790 sunt
1091 3735 1204 3802 generis,
1220 3736 1286 3806 quia
1298 3739 1450 3809 inobliqne

324 3815 446 3870 oratione
463 3815 554 3870 looum
570 3817 676 3880 tenent,
695 3812 734 3868 ita
751 3817 782 3866 ut
799 3812 910 3866 verbum
933 3813 1038 3870 finitum
1062 3814 1106 3870 hic
1123 3817 1225 3884 pariter
1242 3817 1270 3872 in
1287 3818 1450 3876 infinitivum

325 3897 366 3949 est
382 3899 516 3949 mutatum
533 3899 615 3964 atque
631 3893 660 3947 in
677 3893 737 3948 aliis
755 3908 862 3962 quoque
880 3895 1019 3949 sententiis
1038 3895 1212 3964 secundariis,
1229 3899 1313 3954 veluti
1324 3899 1358 3964 11,
1379 3907 1417 3968 13,
1435 3909 1450 3957 ⁴
1513 3947 1514 3950 ,

327 3963 367 4031 οἷς
382 3971 546 4042 χρήσεσθαι.
564 3973 599 4040 11,
619 3980 676 4040 mn,
695 3980 710 4028 2
730 3970 774 4027 tn
793 3971 921 4027 stuata.
939 3976 973 4040 11,
985 3979 1058 4042 nun.
1079 3974 1172 4042 luas,
1185 3983 1209 4030 a.
1226 3979 1260 4045 v,
1276 3983 1317 4043 ts,
1330 3987 1352 4034 1.
1372 3987 1414 4042 oa.
1426 3989 1448 4038 3.
1513 4003 1514 4040 t

323 4055 681 4122 sumptuosas.
704 4055 1449 4125 V11,4s,s.v111‚n‚1.m‚3.43,4.4s,5.m,o.
1513 4041 1514 4075 ¹
