3028 4928
623 461 664 526 69

82 656 146 720 que
168 636 346 702 infinitivus
367 634 410 701 ad
426 655 493 702 rem
515 637 653 704 suturam
675 645 811 724 spectet,
833 639 972 706 aoristus
992 640 1067 706 ierri
1088 641 1210 725 nequit,

81 735 144 802 sed
159 741 217 800 aut
230 733 369 800 suanum
385 741 435 800 est
448 735 686 802 rescribendum
700 744 756 802 aut
771 733 813 801 dv
827 737 987 821 particula
1000 739 1210 806 restituenda.

80 833 138 914 IV,
159 835 266 908 12⁰‚2
288 833 342 898 vel
364 832 536 899 Floeckius
560 831 647 918 (pag.
664 835 729 921 28),
753 836 807 917 qui
829 835 948 918 ubique
968 834 1036 902 iere
1057 837 1211 903 aoristum

80 931 207 996 licitum
229 936 321 1012 putat
344 949 430 1008 esse,
459 931 652 999 necessitate
674 932 798 1015 cogitur
819 931 982 1016 Madvigio
1004 934 1155 1000 assentiri
1176 934 1211 1000 in

80 1027 308 1095 substituendo
336 1031 533 1111 τρέψεσθαι
553 1049 610 1112 pro
632 1023 741 1114 inepto
767 1030 823 1096 illo
851 1035 1069 1116 τρέψασθαι,
1102 1050 1212 1114 quam·

81 1145 180 1208 quam
209 1124 296 1192 idem
325 1125 387 1190 sibi
414 1132 595 1210 temperare
622 1148 687 1193 non
720 1134 842 1212 potest,
876 1128 952 1210 quin
980 1136 1092 1194 contra
1119 1130 1211 1196 Mad·

80 1223 205 1306 vigium
228 1222 329 1290 dicat:
352 1223 505 1304 „Minime
526 1244 613 1308 vero,
636 1225 749 1308 inquit,
771 1226 833 1291 hoc
847 1244 911 1290 uno
933 1225 1014 1308 Ioco,
1037 1227 1093 1293 ubi
1113 1227 1210 1294 lectio

80 1341 148 1386 non
172 1327 221 1387 est
243 1328 404 1402 constans,
428 1321 593 1404 evincitur,
616 1323 689 1388 aliis
705 1324 802 1389 etiam
817 1321 897 1388 locis
911 1323 1021 1389 aoristi
1034 1323 1210 1394 infinitivos

80 1437 156 1486 esse
183 1417 315 1485 falsos.“
364 1419 408 1482 At
435 1419 513 1484 mihi
541 1420 670 1504 quidem
697 1420 800 1486 falsae
827 1419 1012 1502 hujusmodi
1033 1421 1210 1506 scripturae

80 1515 274 1598 gravissimo
305 1523 380 1581 sunt
412 1511 611 1601 testimonio,
658 1517 806 1584 librarios
839 1518 937 1600 plane
973 1517 1083 1602 inepte
1119 1543 1141 1582 α
1177 1528 1210 1586 ct

80 1639 97 1679 ε
135 1614 172 1678 in
207 1612 316 1680 formis
353 1611 581 1680 infinitivorum
617 1615 797 1698 miscuisse,
835 1634 910 1698 ergo
943 1615 1140 1704 Madvigium
1178 1625 1210 1684 ct

81 1710 238 1778 Oobetum
261 1711 381 1794 optimo
399 1711 474 1794 jure
494 1712 629 1778 rationis
650 1713 830 1778 auctoritati
854 1713 928 1796 plus
950 1714 1090 1780 tribuere
1111 1733 1208 1797 quam

78 1809 258 1875 scribarum
289 1809 525 1892 neglegentiae.
569 1809 638 1874 Hoc
670 1831 733 1875 uno
767 1811 837 1874 Ioco
869 1810 950 1874 nihil
984 1818 1095 1876 eontra
1126 1812 1208 1878 alios

78 1906 220 1972 aoristos
249 1907 351 1972 evinci
373 1907 545 1973 Flocckius
573 1908 634 1991 ait;
668 1907 730 1972 sed·
753 1905 830 1989 quid
859 1908 945 1990 quod
970 1906 1058 1992 apud
1079 1908 1208 1994 Thucy·

80 2002 194 2068 didam
214 2003 240 2085 I,
267 2009 313 2084 10,
338 2008 357 2068 2
380 2001 662 2091 περαιώσασθαι,
692 2005 727 2070 in
748 2005 883 2070 aliorum
906 2006 1094 2088 scriptorum
1117 2006 1208 2074 libris

77 2120 180 2166 manu
207 2100 334 2184 scriptis
364 2099 728 2186 σννκαταβιαέσασθαι,
765 2100 1024 2186 προςάξασθαι,
1058 2095 1208 2169 ὑπακού-

79 2202 232 2280 σασθαι,
266 2199 323 2264 alii
344 2199 535 2265 barbarismi
556 2199 786 2266 inveniuntur?
832 2198 897 2264 Sed
926 2200 1005 2266 satis
1026 2199 1151 2266 dehac
1172 2221 1208 2268 ve

73 2297 148 2381 jam
170 2315 271 2380 supra
292 2295 490 2380 disputatum
513 2303 578 2382 est;
601 2316 772 2380 pergamus
786 2295 830 2361 ad
852 2296 951 2360 alium
972 2296 1088 2378 locum,
1112 2317 1206 2380 quem

77 2393 264 2477 Madvigius
292 2394 441 2478 correxit,
471 2394 643 2461 Floeokius
670 2401 705 2459 ut
732 2393 906 2476 genuinum
931 2391 1085 2461 defendit.

165 2491 247 2557 Dico
268 2491 322 2572 IV,
346 2493 396 2574 28,
420 2496 440 2555 4
468 2491 683 2577 λογιζόμενος
713 2491 806 2556 δυοῖν
835 2486 984 2574 ἀγαθοῖν
1006 2498 1066 2557 τοῦ
1088 2491 1205 2578 ἑτέρου

76 2587 275 2670 τεύξεσθαι,
298 2583 320 2676 ἢ
343 2590 500 2666 Κλέωνος
522 2586 838 2676 ἀπαλλαγήσεσθαι,
862 2583 880 2652 ὃ
903 2587 1029 2670 μᾶλλον
1052 2586 1205 2678 ἤλπιζον,

76 2683 97 2772 ἢ
134 2685 297 2773 σφαλεῖσι
331 2684 466 2772 γνώμης
494 2687 793 2770 Λακεδαιμονίους
827 2694 927 2776 σφίσι
956 2687 1206 2773 χειρώσασθαι.

76 2785 252 2850 Floeckius
275 2783 404 2865 quidem
426 2789 512 2868 (pag.
536 2789 606 2863 tm:
644 2787 756 2868 „Quae
778 2806 870 2869 vero,
902 2788 1022 2870 inquit,
1055 2786 1206 2852 adhunc

75 2884 185 2948 Iocum
206 2880 388 2964 Madvigius
409 2884 533 2948 monuit
555 2879 591 2968 (I.
614 2884 636 2948 l.
659 2904 732 2966 pag.
755 2889 796 2948 40
819 2905 894 2950 ann.
918 2883 974 2970 30)
1003 2890 1127 2949 tantum
1149 2882 1205 2948 ab·

76 2986 169 3061 sunt,
202 2987 237 3044 ut
267 2978 346 3044 mihi
378 2999 508 3062 prorsus
540 2981 756 3064 persuadeant
787 2981 839 3047 hic
869 2980 1104 3066 χειρώσεσθαι
1133 2997 1205 3048 esse

76 3077 293 3157 scribendum,
316 3083 351 3141 ut
370 3097 567 3161 magnopere
582 3077 720 3145 admirer
734 3079 818 3144 hanc
832 3080 1043 3144 variationem
1058 3077 1204 3160 scriptori

76 3182 189 3242 nostro
211 3175 411 3259 propriam;“
435 3176 493 3242 sed
516 3174 633 3240 oblitus
656 3183 713 3257 est,
737 3177 822 3242 hanc
843 3175 1089 3242 admirationem
1111 3195 1203 3257 argu-

77 3273 197 3340 mentis
230 3271 427 3340 confirmare.
479 3272 557 3338 Mihi
594 3272 723 3356 quidem
755 3273 937 3358 Madvigius
970 3291 1100 3356 prorsus
1133 3290 1204 3356 per-

75 3371 196 3449 suasit,
229 3369 367 3436 futurum
393 3369 627 3455 χειρώσεσθαι
653 3371 884 3438 restituendum
913 3387 998 3451 esse,
1032 3375 1204 3454 propterca

76 3467 165 3552 quod
185 3469 219 3533 in
242 3465 456 3552 λογιζόμενος
478 3467 645 3553 participio
666 3487 757 3534 mera
778 3475 810 3536 et
831 3471 957 3551 integra
973 3467 1138 3551 cogitandi
1152 3467 1203 3534 vis

74 3570 172 3633 inest.
202 3565 334 3632 Eisdem
348 3566 437 3632 nisus
450 3567 648 3650 argumentis
662 3567 747 3649 VIII,
765 3573 794 3648 5,
812 3571 830 3630 5
846 3563 1056 3646 ἀποκτενεῖν,
1078 3565 1104 3648 Ι,
1117 3567 1201 3648 26,3

71 3663 281 3752 χρήσεσθαι,
304 3663 362 3745 ΠΙ,
378 3667 429 3747 46,
446 3667 465 3727 2
488 3661 822 3748 παρασκευάσασθαι,
844 3663 899 3740 IV,
916 3667 999 3745 21,1
1026 3659 1200 3746 δέξεσθαι,

74 3763 135 3845 ΙΠ,
158 3765 209 3843 36,
236 3767 250 3825 1
274 3759 472 3844 βιάσεσθαι,
501 3761 538 3843 V,
562 3764 612 3845 36,
636 3767 655 3826 2
677 3761 852 3828 secundum
874 3759 1063 3843 Elmslejum
1085 3755 1198 3846 ἥκιστ’

76 3857 127 3944 ἄν,
151 3861 205 3937 VI,
229 3864 281 3938 24,
307 3866 322 3923 1
346 3860 519 3926 secundum
542 3860 737 3940 Bekkerum,
760 3858 966 3943 Madvigium,
988 3857 1199 3942 Kruegerum,

74 3960 264 4046 Popponem
287 3957 396 4041 (quem
418 3957 644 4025 satis'eonstat
665 3979 731 4024 non
746 3976 816 4024 esse
838 3958 938 4023 nimia
957 3957 991 4022 in
1013 3955 1200 4040 corrigendo

74 4055 229 4142 audacia)
262 4052 398 4138 μάλιστ’
424 4051 464 4122 ἄν
494 4057 644 4124 rescribo.
688 4055 749 4136 Qui
778 4073 853 4122 vero
881 4053 948 4122 fieri
976 4057 1132 4140 potuerit,
1164 4058 1201 4117 ut
