<?xml version="1.0" encoding="UTF-8"?>
<!DOCTYPE html PUBLIC "-//W3C//DTD XHTML 1.0 Transitional//EN"
    "http://www.w3.org/TR/xhtml1/DTD/xhtml1-transitional.dtd">
<html xmlns="http://www.w3.org/1999/xhtml" xml:lang="en" lang="en">
 <head>
  <title>
</title>
<meta http-equiv="Content-Type" content="text/html;charset=utf-8" />
  <meta name='ocr-system' content='tesseract 3.04.00' />
  <meta name='ocr-capabilities' content='ocr_page ocr_carea ocr_par ocr_line ocrx_word'/>
</head>
<body>
  <div class='ocr_page' id='page_1' title='image "./deinfinitivitem00forsgoog_0026.png"; bbox 0 0 3050 4932; ppageno 0'>
   <div class='ocr_carea' id='block_1_1' title="bbox 651 413 688 474">
    <p class='ocr_par' dir='ltr' id='par_1_1' title="bbox 651 413 688 474">
     <span class='ocr_line' id='line_1_1' title="bbox 651 413 688 474; baseline -0.054 0"><span class='ocrx_word' id='word_1_1' title='bbox 651 413 688 474; x_wconf 80' lang='lat'>17</span> 
     </span>
    </p>
   </div>
   <div class='ocr_carea' id='block_1_2' title="bbox 91 587 1221 3796">
    <p class='ocr_par' dir='ltr' id='par_1_2' title="bbox 91 587 1221 3406">
     <span class='ocr_line' id='line_1_2' title="bbox 96 587 1220 672; baseline 0.001 -17"><span class='ocrx_word' id='word_1_2' title='bbox 96 589 214 656; x_wconf 91' lang='lat' dir='ltr'>eodem</span> <span class='ocrx_word' id='word_1_3' title='bbox 251 589 346 654; x_wconf 89' lang='lat' dir='ltr'>modo</span> <span class='ocrx_word' id='word_1_4' title='bbox 377 609 397 654; x_wconf 91' lang='lat' dir='ltr'>a</span> <span class='ocrx_word' id='word_1_5' title='bbox 429 588 645 672; x_wconf 79' lang='lat' dir='ltr'><strong>singularibus</strong></span> <span class='ocrx_word' id='word_1_6' title='bbox 676 587 718 654; x_wconf 88' lang='lat' dir='ltr'>ad</span> <span class='ocrx_word' id='word_1_7' title='bbox 750 589 916 672; x_wconf 83' lang='lat' dir='ltr'>generalia</span> <span class='ocrx_word' id='word_1_8' title='bbox 949 587 1093 654; x_wconf 89' lang='lat' dir='ltr'>ascendit</span> <span class='ocrx_word' id='word_1_9' title='bbox 1125 595 1220 672; x_wconf 83' lang='lat' dir='ltr'>atque</span> 
     </span>
     <span class='ocr_line' id='line_1_3' title="bbox 96 686 1220 772; baseline -0.002 -19"><span class='ocrx_word' id='word_1_10' title='bbox 96 687 246 772; x_wconf 87' lang='lat' dir='ltr'>ejusdem</span> <span class='ocrx_word' id='word_1_11' title='bbox 283 687 434 770; x_wconf 90' lang='lat' dir='ltr'>temporis</span> <span class='ocrx_word' id='word_1_12' title='bbox 472 686 679 768; x_wconf 80' lang='lat' dir='ltr'>indicativus,</span> <span class='ocrx_word' id='word_1_13' title='bbox 718 705 811 768; x_wconf 92' lang='lat' dir='ltr'>quem</span> <span class='ocrx_word' id='word_1_14' title='bbox 851 687 1002 752; x_wconf 82' lang='lat' dir='ltr'>acrisium</span> <span class='ocrx_word' id='word_1_15' title='bbox 1040 687 1220 769; x_wconf 87' lang='lat' dir='ltr'>gnomicum</span> 
     </span>
     <span class='ocr_line' id='line_1_4' title="bbox 97 775 1218 870; baseline -0.002 -20"><span class='ocrx_word' id='word_1_16' title='bbox 97 785 246 850; x_wconf 87' lang='lat' dir='ltr'>dicimus.</span> <span class='ocrx_word' id='word_1_17' title='bbox 280 785 391 868; x_wconf 92' lang='lat' dir='ltr'>Itaque</span> <span class='ocrx_word' id='word_1_18' title='bbox 406 785 546 850; x_wconf 92' lang='lat' dir='ltr'>Pericles</span> <span class='ocrx_word' id='word_1_19' title='bbox 568 783 682 866; x_wconf 75' lang='grc' dir='ltr'><em>λαβεῖν</em></span> <span class='ocrx_word' id='word_1_20' title='bbox 705 791 738 850; x_wconf 86' lang='lat' dir='ltr'>et</span> <span class='ocrx_word' id='word_1_21' title='bbox 760 775 897 870; x_wconf 77' lang='grc' dir='ltr'><em>ἀφεῖναι</em></span> <span class='ocrx_word' id='word_1_22' title='bbox 920 785 954 849; x_wconf 92' lang='lat' dir='ltr'>in</span> <span class='ocrx_word' id='word_1_23' title='bbox 977 805 1068 850; x_wconf 86' lang='lat' dir='ltr'>usum</span> <span class='ocrx_word' id='word_1_24' title='bbox 1082 785 1218 866; x_wconf 82' lang='lat' dir='ltr'>vocavit,</span> 
     </span>
     <span class='ocr_line' id='line_1_5' title="bbox 98 878 1218 968; baseline 0.002 -22"><span class='ocrx_word' id='word_1_25' title='bbox 98 903 167 948; x_wconf 91' lang='lat' dir='ltr'>non</span> <span class='ocrx_word' id='word_1_26' title='bbox 194 882 377 966; x_wconf 79' lang='grc' dir='ltr'><em>λαμβάνειν</em></span> <span class='ocrx_word' id='word_1_27' title='bbox 399 901 504 963; x_wconf 89' lang='lat' dir='ltr'>neque</span> <span class='ocrx_word' id='word_1_28' title='bbox 526 878 679 968; x_wconf 76' lang='grc' dir='ltr'><em>ἀφιέναι,</em></span> <span class='ocrx_word' id='word_1_29' title='bbox 712 881 786 963; x_wconf 90' lang='lat' dir='ltr'>quia</span> <span class='ocrx_word' id='word_1_30' title='bbox 808 882 841 946; x_wconf 93' lang='lat' dir='ltr'>id</span> <span class='ocrx_word' id='word_1_31' title='bbox 864 883 1062 966; x_wconf 86' lang='lat' dir='ltr'>potissimum</span> <span class='ocrx_word' id='word_1_32' title='bbox 1085 889 1218 966; x_wconf 87' lang='lat' dir='ltr'>spectat,</span> 
     </span>
     <span class='ocr_line' id='line_1_6' title="bbox 98 979 1220 1064; baseline 0.002 -20"><span class='ocrx_word' id='word_1_33' title='bbox 98 979 188 1064; x_wconf 92' lang='lat' dir='ltr'>quod</span> <span class='ocrx_word' id='word_1_34' title='bbox 203 980 416 1046; x_wconf 77' lang='lat' dir='ltr'>Athenienses</span> <span class='ocrx_word' id='word_1_35' title='bbox 431 979 546 1062; x_wconf 88' lang='lat' dir='ltr'>partim</span> <span class='ocrx_word' id='word_1_36' title='bbox 562 979 713 1059; x_wconf 86' lang='lat' dir='ltr'>fecerunt,</span> <span class='ocrx_word' id='word_1_37' title='bbox 737 981 851 1062; x_wconf 88' lang='lat' dir='ltr'>partim</span> <span class='ocrx_word' id='word_1_38' title='bbox 867 980 979 1045; x_wconf 85' lang='lat' dir='ltr'>facturi</span> <span class='ocrx_word' id='word_1_39' title='bbox 995 987 1095 1062; x_wconf 89' lang='lat' dir='ltr'>erant,</span> <span class='ocrx_word' id='word_1_40' title='bbox 1112 1001 1220 1064; x_wconf 90' lang='lat' dir='ltr'>quam-</span> 
     </span>
     <span class='ocr_line' id='line_1_7' title="bbox 98 1076 1220 1162; baseline 0.002 -20"><span class='ocrx_word' id='word_1_41' title='bbox 98 1099 197 1160; x_wconf 89' lang='lat' dir='ltr'>quam</span> <span class='ocrx_word' id='word_1_42' title='bbox 216 1077 373 1162; x_wconf 89' lang='lat' dir='ltr'>judicium</span> <span class='ocrx_word' id='word_1_43' title='bbox 396 1077 436 1143; x_wconf 91' lang='lat' dir='ltr'>de</span> <span class='ocrx_word' id='word_1_44' title='bbox 459 1077 517 1142; x_wconf 85' lang='lat' dir='ltr'>tali</span> <span class='ocrx_word' id='word_1_45' title='bbox 540 1076 663 1142; x_wconf 90' lang='lat' dir='ltr'>ratione</span> <span class='ocrx_word' id='word_1_46' title='bbox 677 1077 795 1160; x_wconf 90' lang='lat' dir='ltr'>agendi</span> <span class='ocrx_word' id='word_1_47' title='bbox 810 1078 843 1142; x_wconf 89' lang='lat' dir='ltr'>in</span> <span class='ocrx_word' id='word_1_48' title='bbox 859 1078 1042 1144; x_wconf 81' lang='lat' dir='ltr'>universum</span> <span class='ocrx_word' id='word_1_49' title='bbox 1057 1078 1146 1161; x_wconf 75' lang='lat' dir='ltr'>tacit,</span> <span class='ocrx_word' id='word_1_50' title='bbox 1170 1080 1220 1144; x_wconf 88' lang='lat' dir='ltr'>sin</span> 
     </span>
     <span class='ocr_line' id='line_1_8' title="bbox 97 1174 1220 1260; baseline 0.004 -20"><span class='ocrx_word' id='word_1_51' title='bbox 97 1183 207 1242; x_wconf 90' lang='lat' dir='ltr'>autem</span> <span class='ocrx_word' id='word_1_52' title='bbox 239 1174 401 1260; x_wconf 83' lang='lat' dir='ltr'>praesenti</span> <span class='ocrx_word' id='word_1_53' title='bbox 433 1180 577 1258; x_wconf 89' lang='lat' dir='ltr'>tempore</span> <span class='ocrx_word' id='word_1_54' title='bbox 609 1195 685 1240; x_wconf 92' lang='lat' dir='ltr'>usus</span> <span class='ocrx_word' id='word_1_55' title='bbox 717 1182 810 1256; x_wconf 88' lang='lat' dir='ltr'>esset,</span> <span class='ocrx_word' id='word_1_56' title='bbox 835 1176 941 1240; x_wconf 88' lang='lat' dir='ltr'>omnia</span> <span class='ocrx_word' id='word_1_57' title='bbox 969 1176 1114 1242; x_wconf 86' lang='lat' dir='ltr'>similiter</span> <span class='ocrx_word' id='word_1_58' title='bbox 1135 1177 1220 1244; x_wconf 86' lang='lat' dir='ltr'>facta</span> 
     </span>
     <span class='ocr_line' id='line_1_9' title="bbox 96 1265 1220 1356; baseline 0.001 -17"><span class='ocrx_word' id='word_1_59' title='bbox 96 1275 231 1340; x_wconf 89' lang='lat' dir='ltr'>notione</span> <span class='ocrx_word' id='word_1_60' title='bbox 253 1265 396 1356; x_wconf 84' lang='lat' dir='ltr'>generali</span> <span class='ocrx_word' id='word_1_61' title='bbox 418 1271 722 1356; x_wconf 87' lang='lat' dir='ltr'>comprehendisset.</span> <span class='ocrx_word' id='word_1_62' title='bbox 765 1273 857 1338; x_wconf 88' lang='lat' dir='ltr'>Hanc</span> <span class='ocrx_word' id='word_1_63' title='bbox 881 1272 1092 1339; x_wconf 86' lang='lat' dir='ltr'>differentiam</span> <span class='ocrx_word' id='word_1_64' title='bbox 1108 1275 1220 1341; x_wconf 87' lang='lat' dir='ltr'>slavioi</span> 
     </span>
     <span class='ocr_line' id='line_1_10' title="bbox 97 1369 1219 1454; baseline 0.002 -18"><span class='ocrx_word' id='word_1_65' title='bbox 97 1371 247 1438; x_wconf 87' lang='lat' dir='ltr'>homines</span> <span class='ocrx_word' id='word_1_66' title='bbox 270 1369 360 1435; x_wconf 91' lang='lat' dir='ltr'>sicuti</span> <span class='ocrx_word' id='word_1_67' title='bbox 384 1370 497 1438; x_wconf 84' lang='lat' dir='ltr'>Graeci</span> <span class='ocrx_word' id='word_1_68' title='bbox 520 1390 576 1454; x_wconf 90' lang='lat' dir='ltr'>per</span> <span class='ocrx_word' id='word_1_69' title='bbox 598 1371 688 1434; x_wconf 86' lang='lat' dir='ltr'>varia</span> <span class='ocrx_word' id='word_1_70' title='bbox 710 1371 878 1436; x_wconf 86' lang='lat' dir='ltr'>verborum</span> <span class='ocrx_word' id='word_1_71' title='bbox 901 1371 1044 1438; x_wconf 85' lang='lat' dir='ltr'>themata</span> <span class='ocrx_word' id='word_1_72' title='bbox 1065 1371 1219 1454; x_wconf 89' lang='lat' dir='ltr'>indicant,</span> 
     </span>
     <span class='ocr_line' id='line_1_11' title="bbox 96 1467 1217 1553; baseline 0.002 -19"><span class='ocrx_word' id='word_1_73' title='bbox 96 1475 258 1534; x_wconf 83' lang='lat' dir='ltr'>nostrates</span> <span class='ocrx_word' id='word_1_74' title='bbox 282 1475 314 1533; x_wconf 87' lang='lat' dir='ltr'>et</span> <span class='ocrx_word' id='word_1_75' title='bbox 336 1469 440 1534; x_wconf 87' lang='lat' dir='ltr'>Latini</span> <span class='ocrx_word' id='word_1_76' title='bbox 464 1467 642 1552; x_wconf 87' lang='lat' dir='ltr'>exprimere</span> <span class='ocrx_word' id='word_1_77' title='bbox 663 1489 727 1532; x_wconf 92' lang='lat' dir='ltr'>non</span> <span class='ocrx_word' id='word_1_78' title='bbox 751 1475 884 1551; x_wconf 85' lang='lat' dir='ltr'>possunt</span> <span class='ocrx_word' id='word_1_79' title='bbox 906 1469 967 1534; x_wconf 87' lang='lat' dir='ltr'>uisi</span> <span class='ocrx_word' id='word_1_80' title='bbox 984 1489 1040 1551; x_wconf 89' lang='lat' dir='ltr'>per</span> <span class='ocrx_word' id='word_1_81' title='bbox 1055 1471 1217 1553; x_wconf 80' lang='lat' dir='ltr'>ambages,</span> 
     </span>
     <span class='ocr_line' id='line_1_12' title="bbox 96 1565 1217 1651; baseline 0 -19"><span class='ocrx_word' id='word_1_82' title='bbox 96 1567 200 1632; x_wconf 81' lang='lat' dir='ltr'>veluti</span> <span class='ocrx_word' id='word_1_83' title='bbox 229 1566 290 1631; x_wconf 88' lang='lat' dir='ltr'>hoo</span> <span class='ocrx_word' id='word_1_84' title='bbox 318 1567 403 1631; x_wconf 89' lang='lat' dir='ltr'>loeo:</span> <span class='ocrx_word' id='word_1_85' title='bbox 442 1565 498 1648; x_wconf 86' lang='lat' dir='ltr'>„Si</span> <span class='ocrx_word' id='word_1_86' title='bbox 526 1565 596 1647; x_wconf 90' lang='lat' dir='ltr'>quis</span> <span class='ocrx_word' id='word_1_87' title='bbox 625 1566 795 1648; x_wconf 84' lang='lat' dir='ltr'>superbum</span> <span class='ocrx_word' id='word_1_88' title='bbox 818 1565 1015 1631; x_wconf 89' lang='lat' dir='ltr'>dominatum</span> <span class='ocrx_word' id='word_1_89' title='bbox 1038 1569 1217 1651; x_wconf 80' lang='lat' dir='ltr'>arripuerit,</span> 
     </span>
     <span class='ocr_line' id='line_1_13' title="bbox 95 1662 1219 1746; baseline 0.004 -18"><span class='ocrx_word' id='word_1_90' title='bbox 95 1665 220 1746; x_wconf 88' lang='lat' dir='ltr'>injuste</span> <span class='ocrx_word' id='word_1_91' title='bbox 248 1663 353 1729; x_wconf 90' lang='lat' dir='ltr'>facere</span> <span class='ocrx_word' id='word_1_92' title='bbox 375 1662 516 1744; x_wconf 87' lang='lat' dir='ltr'>videtur,</span> <span class='ocrx_word' id='word_1_93' title='bbox 540 1664 590 1728; x_wconf 92' lang='lat' dir='ltr'>sin</span> <span class='ocrx_word' id='word_1_94' title='bbox 612 1663 742 1728; x_wconf 87' lang='lat' dir='ltr'>missum</span> <span class='ocrx_word' id='word_1_95' title='bbox 765 1664 888 1745; x_wconf 90' lang='lat' dir='ltr'>fecerit,</span> <span class='ocrx_word' id='word_1_96' title='bbox 912 1663 1100 1746; x_wconf 89' lang='lat' dir='ltr'>periclitari,</span> <span class='ocrx_word' id='word_1_97' title='bbox 1125 1686 1219 1732; x_wconf 84' lang='lat' dir='ltr'>wenn</span> 
     </span>
     <span class='ocr_line' id='line_1_14' title="bbox 95 1761 1221 1846; baseline 0.002 -20"><span class='ocrx_word' id='word_1_98' title='bbox 95 1762 197 1826; x_wconf 83' lang='lat' dir='ltr'>Einer</span> <span class='ocrx_word' id='word_1_99' title='bbox 218 1761 290 1826; x_wconf 86' lang='lat' dir='ltr'>eine</span> <span class='ocrx_word' id='word_1_100' title='bbox 311 1761 519 1846; x_wconf 86' lang='lat' dir='ltr'>tyrannische</span> <span class='ocrx_word' id='word_1_101' title='bbox 540 1761 724 1826; x_wconf 83' lang='lat' dir='ltr'>Herrschaft</span> <span class='ocrx_word' id='word_1_102' title='bbox 745 1781 788 1826; x_wconf 95' lang='lat' dir='ltr'>an</span> <span class='ocrx_word' id='word_1_103' title='bbox 810 1761 877 1826; x_wconf 86' lang='lat' dir='ltr'>sich</span> <span class='ocrx_word' id='word_1_104' title='bbox 899 1763 1007 1842; x_wconf 92' lang='lat' dir='ltr'>reisst,</span> <span class='ocrx_word' id='word_1_105' title='bbox 1029 1783 1073 1846; x_wconf 32' lang='lat' dir='ltr'>,so</span> <span class='ocrx_word' id='word_1_106' title='bbox 1096 1764 1221 1829; x_wconf 87' lang='lat' dir='ltr'>sobeint</span> 
     </span>
     <span class='ocr_line' id='line_1_15' title="bbox 97 1858 1218 1943; baseline 0.002 -19"><span class='ocrx_word' id='word_1_107' title='bbox 97 1879 134 1924; x_wconf 90' lang='lat' dir='ltr'>er</span> <span class='ocrx_word' id='word_1_108' title='bbox 157 1858 299 1924; x_wconf 86' lang='lat' dir='ltr'>Uarecht</span> <span class='ocrx_word' id='word_1_109' title='bbox 326 1881 365 1922; x_wconf 86' lang='lat' dir='ltr'>zu</span> <span class='ocrx_word' id='word_1_110' title='bbox 393 1859 515 1943; x_wconf 77' lang='lat' dir='ltr'>haben,</span> <span class='ocrx_word' id='word_1_111' title='bbox 549 1859 637 1942; x_wconf 90' lang='lat' dir='ltr'>gicbt</span> <span class='ocrx_word' id='word_1_112' title='bbox 660 1877 693 1923; x_wconf 88' lang='lat' dir='ltr'>er</span> <span class='ocrx_word' id='word_1_113' title='bbox 716 1859 763 1924; x_wconf 90' lang='lat' dir='ltr'>sie</span> <span class='ocrx_word' id='word_1_114' title='bbox 785 1859 853 1940; x_wconf 85' lang='lat' dir='ltr'>auf,</span> <span class='ocrx_word' id='word_1_115' title='bbox 884 1879 919 1922; x_wconf 90' lang='lat' dir='ltr'>so</span> <span class='ocrx_word' id='word_1_116' title='bbox 942 1860 1071 1941; x_wconf 89' lang='lat' dir='ltr'>begiebt</span> <span class='ocrx_word' id='word_1_117' title='bbox 1095 1879 1129 1926; x_wconf 90' lang='lat' dir='ltr'>er</span> <span class='ocrx_word' id='word_1_118' title='bbox 1150 1861 1218 1927; x_wconf 90' lang='lat' dir='ltr'>sich</span> 
     </span>
     <span class='ocr_line' id='line_1_16' title="bbox 96 1955 1216 2039; baseline 0.004 -20"><span class='ocrx_word' id='word_1_119' title='bbox 96 1956 133 2020; x_wconf 94' lang='lat' dir='ltr'>in</span> <span class='ocrx_word' id='word_1_120' title='bbox 158 1955 308 2021; x_wconf 83' lang='lat' dir='ltr'>Gefahr.“</span> <span class='ocrx_word' id='word_1_121' title='bbox 358 1957 421 2022; x_wconf 90' lang='lat' dir='ltr'>Ubi</span> <span class='ocrx_word' id='word_1_122' title='bbox 443 1977 519 2022; x_wconf 80' lang='lat' dir='ltr'>vcro</span> <span class='ocrx_word' id='word_1_123' title='bbox 552 1957 585 2020; x_wconf 93' lang='lat' dir='ltr'>in</span> <span class='ocrx_word' id='word_1_124' title='bbox 614 1962 722 2022; x_wconf 89' lang='lat' dir='ltr'>nostra</span> <span class='ocrx_word' id='word_1_125' title='bbox 750 1956 861 2039; x_wconf 90' lang='lat' dir='ltr'>lingua</span> <span class='ocrx_word' id='word_1_126' title='bbox 889 1963 944 2020; x_wconf 90' lang='lat' dir='ltr'>aut</span> <span class='ocrx_word' id='word_1_127' title='bbox 972 1959 1004 2021; x_wconf 92' lang='lat' dir='ltr'>in</span> <span class='ocrx_word' id='word_1_128' title='bbox 1026 1957 1126 2023; x_wconf 85' lang='lat' dir='ltr'>latino</span> <span class='ocrx_word' id='word_1_129' title='bbox 1156 1980 1216 2026; x_wconf 90' lang='lat' dir='ltr'>ser-</span> 
     </span>
     <span class='ocr_line' id='line_1_17' title="bbox 96 2051 1219 2140; baseline 0.004 -22"><span class='ocrx_word' id='word_1_130' title='bbox 96 2073 195 2118; x_wconf 84' lang='lat' dir='ltr'>mone</span> <span class='ocrx_word' id='word_1_131' title='bbox 223 2051 396 2120; x_wconf 87' lang='lat' dir='ltr'>infinitivus</span> <span class='ocrx_word' id='word_1_132' title='bbox 418 2062 602 2138; x_wconf 90' lang='lat' dir='ltr'>usurpatur,</span> <span class='ocrx_word' id='word_1_133' title='bbox 625 2054 788 2136; x_wconf 89' lang='lat' dir='ltr'>utriusque</span> <span class='ocrx_word' id='word_1_134' title='bbox 810 2053 958 2120; x_wconf 83' lang='lat' dir='ltr'>infinitivi</span> <span class='ocrx_word' id='word_1_135' title='bbox 981 2056 1087 2137; x_wconf 88' lang='lat' dir='ltr'>graeci</span> <span class='ocrx_word' id='word_1_136' title='bbox 1110 2064 1219 2140; x_wconf 86' lang='lat' dir='ltr'>partes</span> 
     </span>
     <span class='ocr_line' id='line_1_18' title="bbox 96 2149 1220 2236; baseline 0.001 -18"><span class='ocrx_word' id='word_1_137' title='bbox 96 2149 245 2233; x_wconf 82' lang='lat' dir='ltr'>suscipit:</span> <span class='ocrx_word' id='word_1_138' title='bbox 284 2153 510 2232; x_wconf 88' lang='lat' dir='ltr'>„Dominatum</span> <span class='ocrx_word' id='word_1_139' title='bbox 544 2171 698 2236; x_wconf 87' lang='lat' dir='ltr'>occupare</span> <span class='ocrx_word' id='word_1_140' title='bbox 731 2150 925 2234; x_wconf 76' lang='grc' dir='ltr'><em>(λαμβάνειν</em></span> <span class='ocrx_word' id='word_1_141' title='bbox 955 2158 986 2216; x_wconf 91' lang='lat' dir='ltr'>et</span> <span class='ocrx_word' id='word_1_142' title='bbox 1015 2153 1143 2234; x_wconf 77' lang='grc' dir='ltr'><em>λαβεῖν)</em></span> <span class='ocrx_word' id='word_1_143' title='bbox 1173 2156 1220 2219; x_wconf 91' lang='lat' dir='ltr'>in-</span> 
     </span>
     <span class='ocr_line' id='line_1_19' title="bbox 91 2245 1216 2333; baseline 0.002 -21"><span class='ocrx_word' id='word_1_144' title='bbox 91 2248 217 2331; x_wconf 86' lang='lat' dir='ltr'>justum</span> <span class='ocrx_word' id='word_1_145' title='bbox 241 2247 382 2328; x_wconf 85' lang='lat' dir='ltr'>videtur,</span> <span class='ocrx_word' id='word_1_146' title='bbox 407 2249 566 2332; x_wconf 86' lang='lat' dir='ltr'>deponere</span> <span class='ocrx_word' id='word_1_147' title='bbox 590 2245 742 2333; x_wconf 79' lang='grc' dir='ltr'><em>(ἀφιέναι</em></span> <span class='ocrx_word' id='word_1_148' title='bbox 765 2255 797 2313; x_wconf 88' lang='lat' dir='ltr'>et</span> <span class='ocrx_word' id='word_1_149' title='bbox 819 2245 970 2333; x_wconf 81' lang='grc' dir='ltr'><em>ἀφεῖναι)</em></span> <span class='ocrx_word' id='word_1_150' title='bbox 993 2251 1216 2332; x_wconf 85' lang='lat' dir='ltr'>periculosum,</span> 
     </span>
     <span class='ocr_line' id='line_1_20' title="bbox 96 2343 1220 2428; baseline 0 -16"><span class='ocrx_word' id='word_1_151' title='bbox 96 2367 132 2412; x_wconf 89' lang='lat' dir='ltr'>es</span> <span class='ocrx_word' id='word_1_152' title='bbox 157 2343 282 2410; x_wconf 88' lang='lat' dir='ltr'>scheint</span> <span class='ocrx_word' id='word_1_153' title='bbox 303 2347 486 2428; x_wconf 86' lang='lat' dir='ltr'>ungerecht,</span> <span class='ocrx_word' id='word_1_154' title='bbox 510 2345 562 2411; x_wconf 87' lang='lat' dir='ltr'>die</span> <span class='ocrx_word' id='word_1_155' title='bbox 578 2345 764 2410; x_wconf 86' lang='lat' dir='ltr'>Herrschaft</span> <span class='ocrx_word' id='word_1_156' title='bbox 784 2365 825 2408; x_wconf 92' lang='lat' dir='ltr'>an</span> <span class='ocrx_word' id='word_1_157' title='bbox 849 2347 915 2410; x_wconf 90' lang='lat' dir='ltr'>sich</span> <span class='ocrx_word' id='word_1_158' title='bbox 939 2367 976 2410; x_wconf 86' lang='lat' dir='ltr'>zu</span> <span class='ocrx_word' id='word_1_159' title='bbox 998 2347 1129 2428; x_wconf 88' lang='lat' dir='ltr'>rcissen,</span> <span class='ocrx_word' id='word_1_160' title='bbox 1152 2349 1220 2412; x_wconf 94' lang='lat' dir='ltr'>und</span> 
     </span>
     <span class='ocr_line' id='line_1_21' title="bbox 95 2441 1217 2528; baseline 0.003 -20"><span class='ocrx_word' id='word_1_161' title='bbox 95 2443 287 2526; x_wconf 76' lang='lat' dir='ltr'>gefahrlich,</span> <span class='ocrx_word' id='word_1_162' title='bbox 312 2443 359 2508; x_wconf 87' lang='lat' dir='ltr'>sie</span> <span class='ocrx_word' id='word_1_163' title='bbox 381 2442 491 2508; x_wconf 80' lang='lat' dir='ltr'>fabren</span> <span class='ocrx_word' id='word_1_164' title='bbox 515 2465 552 2508; x_wconf 86' lang='lat' dir='ltr'>zu</span> <span class='ocrx_word' id='word_1_165' title='bbox 569 2441 710 2508; x_wconf 85' lang='lat' dir='ltr'>lassen.“</span> <span class='ocrx_word' id='word_1_166' title='bbox 747 2441 811 2507; x_wconf 86' lang='lat' dir='ltr'>Sed</span> <span class='ocrx_word' id='word_1_167' title='bbox 828 2441 928 2524; x_wconf 81' lang='lat' dir='ltr'>vities,</span> <span class='ocrx_word' id='word_1_168' title='bbox 952 2443 1096 2510; x_wconf 90' lang='lat' dir='ltr'>accidere</span> <span class='ocrx_word' id='word_1_169' title='bbox 1112 2466 1217 2528; x_wconf 89' lang='lat' dir='ltr'>posse,</span> 
     </span>
     <span class='ocr_line' id='line_1_22' title="bbox 95 2541 1218 2624; baseline 0.003 -18"><span class='ocrx_word' id='word_1_170' title='bbox 95 2549 132 2606; x_wconf 93' lang='lat' dir='ltr'>ut</span> <span class='ocrx_word' id='word_1_171' title='bbox 156 2546 289 2623; x_wconf 87' lang='lat' dir='ltr'>utroque</span> <span class='ocrx_word' id='word_1_172' title='bbox 311 2547 454 2624; x_wconf 89' lang='lat' dir='ltr'>tempore</span> <span class='ocrx_word' id='word_1_173' title='bbox 476 2542 520 2604; x_wconf 89' lang='lat' dir='ltr'>uti</span> <span class='ocrx_word' id='word_1_174' title='bbox 543 2541 649 2618; x_wconf 88' lang='lat' dir='ltr'>liceat,</span> <span class='ocrx_word' id='word_1_175' title='bbox 673 2560 743 2604; x_wconf 89' lang='lat' dir='ltr'>cum</span> <span class='ocrx_word' id='word_1_176' title='bbox 767 2561 894 2624; x_wconf 89' lang='lat' dir='ltr'>prorsus</span> <span class='ocrx_word' id='word_1_177' title='bbox 910 2541 1071 2624; x_wconf 88' lang='lat' dir='ltr'>scriptoris</span> <span class='ocrx_word' id='word_1_178' title='bbox 1086 2544 1218 2610; x_wconf 90' lang='lat' dir='ltr'>arbitrio</span> 
     </span>
     <span class='ocr_line' id='line_1_23' title="bbox 95 2637 1219 2728; baseline 0.004 -24"><span class='ocrx_word' id='word_1_179' title='bbox 95 2639 286 2728; x_wconf 88' lang='lat' dir='ltr'>permissum</span> <span class='ocrx_word' id='word_1_180' title='bbox 309 2639 358 2716; x_wconf 86' lang='lat' dir='ltr'>sit,</span> <span class='ocrx_word' id='word_1_181' title='bbox 382 2646 416 2703; x_wconf 87' lang='lat' dir='ltr'>ut</span> <span class='ocrx_word' id='word_1_182' title='bbox 438 2639 521 2703; x_wconf 90' lang='lat' dir='ltr'>hanc</span> <span class='ocrx_word' id='word_1_183' title='bbox 543 2640 594 2704; x_wconf 86' lang='lat' dir='ltr'>rel</span> <span class='ocrx_word' id='word_1_184' title='bbox 616 2639 705 2702; x_wconf 91' lang='lat' dir='ltr'>illam</span> <span class='ocrx_word' id='word_1_185' title='bbox 729 2637 917 2703; x_wconf 88' lang='lat' dir='ltr'>enuntiandi</span> <span class='ocrx_word' id='word_1_186' title='bbox 938 2639 1093 2706; x_wconf 86' lang='lat' dir='ltr'>rationem</span> <span class='ocrx_word' id='word_1_187' title='bbox 1108 2661 1219 2724; x_wconf 87' lang='lat' dir='ltr'>sequa-</span> 
     </span>
     <span class='ocr_line' id='line_1_24' title="bbox 95 2735 1219 2822; baseline 0.002 -22"><span class='ocrx_word' id='word_1_188' title='bbox 95 2743 159 2801; x_wconf 90' lang='lat' dir='ltr'>tur.</span> <span class='ocrx_word' id='word_1_189' title='bbox 197 2735 292 2800; x_wconf 91' lang='lat' dir='ltr'>Haud</span> <span class='ocrx_word' id='word_1_190' title='bbox 315 2735 410 2802; x_wconf 91' lang='lat' dir='ltr'>dubie</span> <span class='ocrx_word' id='word_1_191' title='bbox 422 2735 629 2820; x_wconf 85' lang='lat' dir='ltr'>Thucydides</span> <span class='ocrx_word' id='word_1_192' title='bbox 651 2736 676 2818; x_wconf 90' lang='lat' dir='ltr'>I,</span> <span class='ocrx_word' id='word_1_193' title='bbox 703 2739 771 2815; x_wconf 78' lang='lat'>139,</span> <span class='ocrx_word' id='word_1_194' title='bbox 796 2741 814 2798; x_wconf 84' lang='grc'>4</span> <span class='ocrx_word' id='word_1_195' title='bbox 836 2735 940 2802; x_wconf 89' lang='lat' dir='ltr'>dicere</span> <span class='ocrx_word' id='word_1_196' title='bbox 955 2739 1056 2822; x_wconf 93' lang='lat' dir='ltr'>potuit</span> <span class='ocrx_word' id='word_1_197' title='bbox 1073 2737 1219 2802; x_wconf 80' lang='grc' dir='ltr'><em>δυνατώ·</em></span> 
     </span>
     <span class='ocr_line' id='line_1_25' title="bbox 95 2831 1218 2917; baseline 0.002 -19"><span class='ocrx_word' id='word_1_198' title='bbox 95 2855 199 2909; x_wconf 72' lang='lat' dir='ltr'>ccccc</span> <span class='ocrx_word' id='word_1_199' title='bbox 229 2831 340 2900; x_wconf 79' lang='grc' dir='ltr'><em>εἰπεῖν</em></span> <span class='ocrx_word' id='word_1_200' title='bbox 369 2834 426 2898; x_wconf 87' lang='grc' dir='ltr'>καὶ</span> <span class='ocrx_word' id='word_1_201' title='bbox 454 2836 610 2917; x_wconf 77' lang='grc' dir='ltr'><em>πρᾶξαι,.</em></span> <span class='ocrx_word' id='word_1_202' title='bbox 627 2839 737 2898; x_wconf 83' lang='lat' dir='ltr'>contra</span> <span class='ocrx_word' id='word_1_203' title='bbox 759 2833 821 2914; x_wconf 92' lang='lat' dir='ltr'>IV,</span> <span class='ocrx_word' id='word_1_204' title='bbox 847 2837 904 2916; x_wconf 73' lang='lat'>84,</span> <span class='ocrx_word' id='word_1_205' title='bbox 929 2839 946 2898; x_wconf 82' lang='lat'><strong>2</strong></span> <span class='ocrx_word' id='word_1_206' title='bbox 971 2831 1029 2900; x_wconf 77' lang='grc' dir='ltr'>οὐκ</span> <span class='ocrx_word' id='word_1_207' title='bbox 1054 2831 1218 2912; x_wconf 75' lang='grc' dir='ltr'><em>ἀδύνατος</em></span> 
     </span>
     <span class='ocr_line' id='line_1_26' title="bbox 95 2927 1219 3016; baseline 0.001 -19"><span class='ocrx_word' id='word_1_208' title='bbox 95 2933 224 3015; x_wconf 80' lang='grc' dir='ltr'><em>λέγειν,</em></span> <span class='ocrx_word' id='word_1_209' title='bbox 257 2932 315 2998; x_wconf 89' lang='lat' dir='ltr'>sed</span> <span class='ocrx_word' id='word_1_210' title='bbox 343 2951 400 3014; x_wconf 89' lang='lat' dir='ltr'>pro</span> <span class='ocrx_word' id='word_1_211' title='bbox 424 2927 608 3002; x_wconf 85' lang='lat' dir='ltr'>diversitate</span> <span class='ocrx_word' id='word_1_212' title='bbox 630 2930 732 3011; x_wconf 92' lang='lat' dir='ltr'>modi,</span> <span class='ocrx_word' id='word_1_213' title='bbox 763 2950 824 3013; x_wconf 90' lang='lat' dir='ltr'>quo</span> <span class='ocrx_word' id='word_1_214' title='bbox 847 2950 914 2996; x_wconf 87' lang='lat' dir='ltr'>rem</span> <span class='ocrx_word' id='word_1_215' title='bbox 937 2933 1089 3014; x_wconf 90' lang='lat' dir='ltr'>cogitavit</span> <span class='ocrx_word' id='word_1_216' title='bbox 1097 2981 1104 3014; x_wconf 95' lang='lat'>,</span> <span class='ocrx_word' id='word_1_217' title='bbox 1128 2952 1219 3016; x_wconf 88' lang='lat' dir='ltr'>prae·</span> 
     </span>
     <span class='ocr_line' id='line_1_27' title="bbox 96 3028 1216 3113; baseline 0.001 -19"><span class='ocrx_word' id='word_1_218' title='bbox 96 3029 171 3094; x_wconf 84' lang='lat' dir='ltr'>tulit</span> <span class='ocrx_word' id='word_1_219' title='bbox 200 3049 254 3095; x_wconf 91' lang='lat' dir='ltr'>eas</span> <span class='ocrx_word' id='word_1_220' title='bbox 283 3049 366 3112; x_wconf 89' lang='lat' dir='ltr'>quae</span> <span class='ocrx_word' id='word_1_221' title='bbox 393 3030 427 3092; x_wconf 93' lang='lat' dir='ltr'>in</span> <span class='ocrx_word' id='word_1_222' title='bbox 456 3028 545 3094; x_wconf 90' lang='lat' dir='ltr'>libris</span> <span class='ocrx_word' id='word_1_223' title='bbox 573 3029 723 3110; x_wconf 85' lang='lat' dir='ltr'>leguntur</span> <span class='ocrx_word' id='word_1_224' title='bbox 754 3047 859 3094; x_wconf 82' lang='lat' dir='ltr'>voees.</span> <span class='ocrx_word' id='word_1_225' title='bbox 905 3028 1082 3096; x_wconf 74' lang='lat' dir='ltr'>Careamus</span> <span class='ocrx_word' id='word_1_226' title='bbox 1110 3029 1216 3113; x_wconf 84' lang='lat' dir='ltr'>igitur,</span> 
     </span>
     <span class='ocr_line' id='line_1_28' title="bbox 97 3124 1217 3214; baseline 0.003 -21"><span class='ocrx_word' id='word_1_227' title='bbox 97 3148 140 3193; x_wconf 90' lang='lat' dir='ltr'>ne</span> <span class='ocrx_word' id='word_1_228' title='bbox 164 3129 271 3193; x_wconf 88' lang='lat' dir='ltr'>omnia</span> <span class='ocrx_word' id='word_1_229' title='bbox 293 3127 335 3192; x_wconf 88' lang='lat' dir='ltr'>ad</span> <span class='ocrx_word' id='word_1_230' title='bbox 358 3125 619 3210; x_wconf 77' lang='lat' dir='ltr'>perpendiculum</span> <span class='ocrx_word' id='word_1_231' title='bbox 643 3124 829 3209; x_wconf 74' lang='lat' dir='ltr'>dirigamus,</span> <span class='ocrx_word' id='word_1_232' title='bbox 853 3127 930 3193; x_wconf 88' lang='lat' dir='ltr'>satis</span> <span class='ocrx_word' id='word_1_233' title='bbox 953 3127 1038 3193; x_wconf 92' lang='lat' dir='ltr'>enim</span> <span class='ocrx_word' id='word_1_234' title='bbox 1061 3127 1217 3214; x_wconf 81' lang='lat' dir='ltr'>habemus</span> 
     </span>
     <span class='ocr_line' id='line_1_29' title="bbox 98 3223 1216 3310; baseline 0 -20"><span class='ocrx_word' id='word_1_235' title='bbox 98 3245 196 3290; x_wconf 85' lang='lat' dir='ltr'>sensu</span> <span class='ocrx_word' id='word_1_236' title='bbox 219 3225 392 3310; x_wconf 86' lang='lat' dir='ltr'>percipere,</span> <span class='ocrx_word' id='word_1_237' title='bbox 417 3241 479 3304; x_wconf 90' lang='lat' dir='ltr'>qua</span> <span class='ocrx_word' id='word_1_238' title='bbox 502 3242 535 3288; x_wconf 89' lang='lat' dir='ltr'>re</span> <span class='ocrx_word' id='word_1_239' title='bbox 550 3227 725 3288; x_wconf 85' lang='lat' dir='ltr'>commotus</span> <span class='ocrx_word' id='word_1_240' title='bbox 741 3223 875 3308; x_wconf 85' lang='lat' dir='ltr'>scriptor·</span> <span class='ocrx_word' id='word_1_241' title='bbox 888 3232 955 3290; x_wconf 88' lang='lat' dir='ltr'>tum</span> <span class='ocrx_word' id='word_1_242' title='bbox 970 3244 1133 3308; x_wconf 89' lang='lat' dir='ltr'>praesens,</span> <span class='ocrx_word' id='word_1_243' title='bbox 1149 3233 1216 3292; x_wconf 91' lang='lat' dir='ltr'>tum</span> 
     </span>
     <span class='ocr_line' id='line_1_30' title="bbox 97 3321 425 3406; baseline -0.009 -19"><span class='ocrx_word' id='word_1_244' title='bbox 97 3323 250 3387; x_wconf 77' lang='lat' dir='ltr'>acrisium</span> <span class='ocrx_word' id='word_1_245' title='bbox 275 3321 425 3406; x_wconf 87' lang='lat' dir='ltr'>posuerit.</span> 
     </span>
    </p>

    <p class='ocr_par' dir='ltr' id='par_1_3' title="bbox 96 3419 1217 3796">
     <span class='ocr_line' id='line_1_31' title="bbox 183 3419 1217 3506; baseline 0.003 -20"><span class='ocrx_word' id='word_1_246' title='bbox 183 3419 249 3486; x_wconf 84' lang='lat' dir='ltr'>Sed</span> <span class='ocrx_word' id='word_1_247' title='bbox 281 3421 361 3486; x_wconf 88' lang='lat' dir='ltr'>hacc</span> <span class='ocrx_word' id='word_1_248' title='bbox 393 3419 557 3483; x_wconf 86' lang='lat' dir='ltr'>hactenus.</span> <span class='ocrx_word' id='word_1_249' title='bbox 606 3419 679 3484; x_wconf 87' lang='lat' dir='ltr'>Jarn</span> <span class='ocrx_word' id='word_1_250' title='bbox 713 3419 931 3488; x_wconf 89' lang='lat' dir='ltr'>enumeranda</span> <span class='ocrx_word' id='word_1_251' title='bbox 962 3426 1036 3484; x_wconf 85' lang='lat' dir='ltr'>sunt</span> <span class='ocrx_word' id='word_1_252' title='bbox 1069 3423 1217 3506; x_wconf 84' lang='lat' dir='ltr'>exempla</span> 
     </span>
     <span class='ocr_line' id='line_1_32' title="bbox 97 3517 1216 3604; baseline 0.004 -22"><span class='ocrx_word' id='word_1_253' title='bbox 97 3517 325 3602; x_wconf 78' lang='lat' dir='ltr'>Thucydiden,</span> <span class='ocrx_word' id='word_1_254' title='bbox 355 3535 486 3599; x_wconf 89' lang='lat' dir='ltr'>quorum</span> <span class='ocrx_word' id='word_1_255' title='bbox 518 3535 556 3580; x_wconf 89' lang='lat' dir='ltr'>ea</span> <span class='ocrx_word' id='word_1_256' title='bbox 578 3517 648 3580; x_wconf 88' lang='lat' dir='ltr'>sola</span> <span class='ocrx_word' id='word_1_257' title='bbox 670 3519 823 3597; x_wconf 84' lang='lat' dir='ltr'>tractabo,</span> <span class='ocrx_word' id='word_1_258' title='bbox 848 3537 929 3600; x_wconf 88' lang='lat' dir='ltr'>quae</span> <span class='ocrx_word' id='word_1_259' title='bbox 951 3517 1074 3599; x_wconf 87' lang='lat' dir='ltr'>aliquid</span> <span class='ocrx_word' id='word_1_260' title='bbox 1097 3523 1216 3604; x_wconf 86' lang='lat' dir='ltr'>proprii</span> 
     </span>
     <span class='ocr_line' id='line_1_33' title="bbox 97 3611 1217 3708; baseline 0.006 -29"><span class='ocrx_word' id='word_1_261' title='bbox 97 3615 248 3680; x_wconf 87' lang='lat' dir='ltr'>videntur·</span> <span class='ocrx_word' id='word_1_262' title='bbox 276 3614 410 3708; x_wconf 71' lang='lat' dir='ltr'>habere,</span> <span class='ocrx_word' id='word_1_263' title='bbox 443 3633 518 3678; x_wconf 88' lang='lat' dir='ltr'>nam</span> <span class='ocrx_word' id='word_1_264' title='bbox 550 3611 589 3678; x_wconf 89' lang='lat' dir='ltr'>de</span> <span class='ocrx_word' id='word_1_265' title='bbox 618 3615 763 3680; x_wconf 92' lang='lat' dir='ltr'>omnibus</span> <span class='ocrx_word' id='word_1_266' title='bbox 792 3615 956 3698; x_wconf 85' lang='lat' dir='ltr'>disputare</span> <span class='ocrx_word' id='word_1_267' title='bbox 978 3621 1010 3679; x_wconf 87' lang='lat' dir='ltr'>et</span> <span class='ocrx_word' id='word_1_268' title='bbox 1032 3616 1161 3700; x_wconf 90' lang='lat' dir='ltr'>longum</span> <span class='ocrx_word' id='word_1_269' title='bbox 1185 3627 1217 3686; x_wconf 89' lang='lat' dir='ltr'>et</span> 
     </span>
     <span class='ocr_line' id='line_1_34' title="bbox 96 3705 941 3796; baseline -0.007 -18"><span class='ocrx_word' id='word_1_270' title='bbox 96 3731 369 3796; x_wconf 84' lang='lat' dir='ltr'>supervacaneum</span> <span class='ocrx_word' id='word_1_271' title='bbox 392 3718 449 3778; x_wconf 88' lang='lat' dir='ltr'>cst.</span> <span class='ocrx_word' id='word_1_272' title='bbox 932 3705 941 3722; x_wconf 87' lang='lat'>&#39;</span> 
     </span>
    </p>
   </div>
   <div class='ocr_carea' id='block_1_3' title="bbox 97 3935 1216 4160">
    <p class='ocr_par' dir='ltr' id='par_1_4' title="bbox 97 3935 1216 4160">
     <span class='ocr_line' id='line_1_35' title="bbox 97 3935 1216 4006; baseline -0.001 -16"><span class='ocrx_word' id='word_1_273' title='bbox 97 3953 158 4006; x_wconf 82' lang='lat' dir='ltr'>pag.</span> <span class='ocrx_word' id='word_1_274' title='bbox 172 3940 232 4003; x_wconf 81' lang='grc'>383)</span> <span class='ocrx_word' id='word_1_275' title='bbox 250 3937 407 3992; x_wconf 81' lang='lat' dir='ltr'>infinitivum</span> <span class='ocrx_word' id='word_1_276' title='bbox 425 3935 526 4000; x_wconf 72' lang='lat' dir='ltr'>consti,</span> <span class='ocrx_word' id='word_1_277' title='bbox 546 3936 635 4004; x_wconf 89' lang='lat' dir='ltr'>quiin</span> <span class='ocrx_word' id='word_1_278' title='bbox 655 3937 784 4006; x_wconf 88' lang='lat' dir='ltr'>ejusmodi</span> <span class='ocrx_word' id='word_1_279' title='bbox 803 3938 949 4006; x_wconf 83' lang='lat' dir='ltr'>sententiis,</span> <span class='ocrx_word' id='word_1_280' title='bbox 967 3945 997 3993; x_wconf 89' lang='lat' dir='ltr'>ut</span> <span class='ocrx_word' id='word_1_281' title='bbox 1016 3937 1104 3997; x_wconf 75' lang='grc' dir='ltr'><em>δεινὸς</em></span> <span class='ocrx_word' id='word_1_282' title='bbox 1123 3938 1216 4002; x_wconf 80' lang='grc' dir='ltr'><em>εἰπεῖν,</em></span> 
     </span>
     <span class='ocr_line' id='line_1_36' title="bbox 98 4015 883 4088; baseline 0 -16"><span class='ocrx_word' id='word_1_283' title='bbox 98 4018 226 4082; x_wconf 86' lang='lat' dir='ltr'>occurrit,</span> <span class='ocrx_word' id='word_1_284' title='bbox 245 4015 415 4086; x_wconf 83' lang='lat' dir='ltr'>neglegenter</span> <span class='ocrx_word' id='word_1_285' title='bbox 433 4021 612 4086; x_wconf 74' lang='lat' dir='ltr'>(„ungenau&#39;·‘)</span> <span class='ocrx_word' id='word_1_286' title='bbox 626 4024 792 4088; x_wconf 87' lang='lat' dir='ltr'>usurpatum</span> <span class='ocrx_word' id='word_1_287' title='bbox 811 4017 883 4073; x_wconf 86' lang='lat' dir='ltr'>dicit.</span> 
     </span>
     <span class='ocr_line' id='line_1_37' title="bbox 998 4109 1012 4160; baseline 0 0"><span class='ocrx_word' id='word_1_288' title='bbox 998 4109 1012 4160; x_wconf 84' lang='lat'><strong>2</strong></span> 
     </span>
    </p>
   </div>
   <div class='ocr_carea' id='block_1_4' title="bbox 0 0 1530 4932">
    <p class='ocr_par' dir='ltr' id='par_1_5' title="bbox 0 0 1530 4932">
     <span class='ocr_line' id='line_1_38' title="bbox 0 0 1530 4932; baseline 0 0"><span class='ocrx_word' id='word_1_289' title='bbox 0 0 1530 4932; x_wconf 95' lang='lat' dir='ltr'> </span> 
     </span>
    </p>
   </div>
  </div>
 </body>
</html>
