3050 4932
857 487 895 546 14

311 657 437 727 efficiat.
481 659 525 726 Ut
551 679 627 727 vero
660 659 712 726 hic
740 659 807 747 ἔφη
835 695 879 706 -
907 651 947 724 ib
975 659 1300 748 παραμυθήσασθαι
1330 669 1436 729 ortum

311 764 422 824 estex
445 757 588 824 oratione
608 764 696 824 reeta
718 764 750 824 et
771 757 856 824 idem
878 757 967 823 valet
987 765 1084 840 atque
1106 756 1172 846 ’ἐφη
1198 757 1250 824 ὅτι
1266 755 1306 824 ἂν
1321 785 1438 845 παρο-

309 852 516 940 μυθήσαιτο,
538 855 584 920 sio
605 855 724 938 ubique
746 853 921 920 infinitivus
942 855 1053 920 aoristi
1075 876 1145 921 oum
1168 852 1218 938 ἄν,
1240 858 1295 922 ubi
1310 859 1437 941 aliquid

310 953 406 1019 futuri
427 953 580 1036 continet
603 973 643 1018 ex
665 951 778 1019 eadem
800 959 956 1018 shuctura
970 953 1124 1036 manarit,
1147 975 1211 1020 non
1232 973 1290 1038 per
1311 976 1347 1022 se
1362 957 1436 1022 loeo

310 1050 408 1116 futuri
428 1050 567 1134 ponitur.
597 1049 736 1132 Perinde
757 1055 806 1115 est
827 1049 896 1115 sive
917 1050 1124 1134 Thucydides
1147 1051 1197 1137 11,
1220 1055 1271 1134 20,
1298 1057 1311 1116 1
1338 1051 1435 1119 dicit:

310 1145 390 1225 σούς
411 1145 475 1232 γὰρ
494 1144 701 1234 Ἀθηναίους
724 1143 927 1232 ἤλπιζεν-
956 1145 1040 1224 ἴσως
1063 1143 1103 1212 dv
1126 1147 1338 1232 ἐπεξελθεῖν,
1362 1151 1435 1218 sive

312 1243 352 1328 V,
374 1247 411 1325 9,
434 1248 453 1309 2
483 1245 660 1312 orationem
689 1245 851 1327 obliquam
881 1241 927 1321 ὡς
956 1245 1181 1330 conjunctione
1203 1246 1341 1312 indicat:
1371 1244 1433 1314 ου’-κ

311 1336 352 1406 ἂν
389 1339 593 1420 ἐλπίσαντας
630 1338 675 1419 ὡς
712 1336 752 1406 ἂν
791 1341 985 1422 ἐπεξέλθοι.
1037 1343 1190 1410 Similiter
1221 1343 1434 1428 Thucydides

311 1440 489 1506 Messenios
518 1441 565 1506 sie
585 1439 836 1506 Atheniensibus
869 1439 1075 1523 respondisse
1106 1442 1213 1507 animo
1247 1442 1308 1508 sibi
1340 1441 1435 1508 tinxit

312 1537 380 1621 (VI,
404 1543 455 1619 50,
482 1541 526 1615 1):
561 1533 613 1602 ὅτι
636 1535 736 1602 πόλει
758 1537 818 1619 μὲν
842 1530 884 1602 do
907 1530 945 1602 οὗ
969 1536 1133 1621 δέξαιντο,
1156 1536 1283 1624 ἀγορὰν
1307 1537 1341 1604 b'
1367 1539 1434 1622 ’ἐξω

310 1637 524 1718 παρέξουσιν,
548 1635 573 1716 Ι,
600 1637 670 1716 127,
693 1640 712 1699 4
734 1633 1059 1701 Lacedaemoniorum
1083 1637 1318 1720 cogitatabaec
1332 1638 1435 1705 fuisse

310 1739 439 1798 namet:
455 1728 493 1796 οὗ
508 1735 625 1812 μέντοι
639 1729 769 1809 ἐκεῖνος
784 1738 947 1798 τοσοῦτον
962 1732 1076 1799 πάθοι
1091 1727 1132 1798 ἂν
1147 1741 1245 1799 τοῦτο
1262 1733 1313 1812 (τὸ
1329 1733 1435 1802 caue-

310 1840 383 1895 σοῖν
404 1834 469 1909 sc),
486 1825 567 1894 door
591 1828 750 1917 διαβολὴν
767 1828 866 1896 οἴσει.
902 1831 949 1896 Ac
964 1851 999 1896 re
1013 1821 1091 1897 vera
1105 1831 1214 1898 acrisii
1228 1827 1435 1916 infinitivum,

311 1922 351 1990 ἄν
365 1927 524 2011 particula
545 1927 682 2010 adjecta,
705 1927 760 1992 ubi
776 1927 852 2010 quid
868 1929 972 1994 lenius
987 1930 1175 2012 proferatur,
1197 1931 1345 2013 usurpari
1359 1950 1436 1997 eon-

310 2023 487 2092 cedendum
521 2030 570 2090 csi
602 2023 653 2100 (cf.
676 2024 749 2100 VII,
774 2030 824 2102 61,
858 2029 877 2087 2
908 2027 964 2092 καὶ
994 2024 1032 2090 τὸ
1055 2031 1117 2112 τῆς
1137 2023 1237 2113 τύχης
1259 2021 1320 2092 κᾶν
1343 2025 1434 2110 μεθ’

310 2115 404 2207 ἡμῶν
427 2119 626 2198 ἐλπίσαντες
650 2124 791 2208 στῆναι),
814 2123 905 2188 salvo
927 2123 1048 2190 seilicet
1069 2142 1107 2188 eo
1124 2123 1318 2190 Graecorum
1333 2147 1433 2209 more,

310 2239 371 2302 quo
393 2217 444 2302 fit,
467 2224 574 2285 utres
596 2221 649 2286 vel
672 2219 874 2301 certissimas,
897 2241 1041 2304 quaeque
1063 2222 1096 2286 in
1118 2223 1209 2287 nulla
1232 2223 1435 2292 dubitatione

309 2323 486 2400 versantur,
509 2317 654 2384 modeste
676 2324 708 2383 et
730 2337 800 2383 cum
822 2319 948 2384 urbana
970 2319 1109 2402 quadam
1132 2311 1301 2386 dubitandi
1324 2324 1434 2406 speeie

310 2415 486 2482 enuntient.
538 2413 665 2500 Optime
698 2415 738 2480 de
771 2416 832 2482 hoc
863 2437 923 2482 usu
956 2417 1108 2500 loquendi
1142 2417 1345 2484 Hermannus
1380 2420 1434 2496 (de

309 2512 467 2595 particula
495 2509 536 2576 ἄν
564 2533 639 2596 pag.
671 2517 743 2591 1cc)
766 2513 874 2579 docet:
911 2515 1032 2595 „Attici
1062 2513 1207 2596 quidem,
1241 2515 1294 2596 qui
1322 2525 1434 2582 amant

310 2609 417 2676 omnia
440 2607 637 2674 dubitantius
660 2609 775 2690 dicere,
798 2630 876 2692 prae
897 2611 1009 2676 ceteris
1031 2611 1093 2676 hoc
1115 2612 1250 2695 optativi
1271 2633 1330 2678 usu
1345 2613 1433 2679 dele-

310 2712 443 2772 ctantur.
488 2705 549 2784 cui
579 2707 605 2772 si
637 2726 865 2790 nonnunquam
898 2707 994 2771 etiam
1028 2727 1124 2790 quum
1157 2709 1234 2792 quid
1256 2709 1433 2777 certissime

308 2803 446 2870 futurum
478 2802 585 2870 dicere
617 2805 746 2886 volunt,
780 2806 956 2888 optativum
989 2805 1188 2890 praeierunt,
1220 2827 1287 2905 pon
1315 2815 1365 2873 est
1393 2828 1433 2874 ea

309 2901 506 2985 negligentia
539 2901 772 2982 existimanda,
807 2902 865 2968 sed
898 2901 998 2986 figura
1029 2905 1125 2970 etiam
1158 2904 1230 2970 aliis
1259 2906 1431 2986 generibus

309 2998 524 3076 usitatissima,
549 3019 612 3082 qua
633 3001 733 3066 rerba
755 2999 962 3065 dubitationis
978 3001 1085 3084 plena,
1108 3003 1319 3084 pronunciata
1335 3003 1432 3086 signi·

309 3100 471 3179 licentius,
500 3098 612 3164 fortius
633 3098 852 3164 asseverant.“
895 3097 984 3176 Quae
1007 3118 1077 3164 cum
1100 3099 1146 3164 ita
1168 3100 1248 3180 sint,
1272 3120 1337 3164 non
1359 3121 1431 3184 pos-

309 3219 417 3264 sumus
446 3192 486 3261 dr
508 3202 617 3262 notam
646 3195 743 3260 futuri
772 3195 894 3285 dicere3
926 3196 1023 3261 futuri
1051 3196 1100 3262 vis
1128 3217 1193 3261 uon
1221 3197 1256 3262 in
1278 3197 1339 3262 hac
1361 3218 1431 3281 par-

308 3295 407 3362 ticula
438 3301 593 3371 versatur,
626 3291 684 3358 sed
716 3292 749 3356 in
773 3292 932 3377 optativo,
962 3293 1052 3376 eujus
1084 3294 1118 3358 in
1140 3295 1210 3358 loco
1233 3295 1363 3378 ponitur
1383 3295 1431 3360 in·

309 3391 487 3469 finitivusb.
531 3393 578 3458 Ac
609 3391 636 3458 si
668 3389 701 3454 in
735 3391 870 3473 optativi
903 3410 973 3455 eum
996 3387 1036 3456 ἄν
1053 3391 1243 3457 'sociatione
1272 3399 1304 3458 et
1334 3392 1430 3458 futuri

309 3489 431 3572 aliquid
468 3489 575 3554 inesse
611 3494 643 3554 et
679 3487 774 3552 simul
812 3487 1020 3554 dubitationis
1055 3488 1120 3552 vim
1153 3489 1254 3554 latere
1285 3509 1350 3554 non
1383 3498 1431 3556 est

310 3587 501 3670 negandum,
524 3587 606 3652 nihil
627 3583 771 3668 impedit,
794 3586 962 3668 quominus
982 3587 1016 3652 in
1038 3583 1187 3650 infinitivi
1202 3605 1273 3652 cum
1289 3582 1329 3651 dr
1345 3594 1430 3652 stru-

309 3691 398 3750 ctura
429 3692 600 3767 utramque
624 3681 887 3766 significationem
916 3683 1113 3767 reconditam
1143 3701 1214 3750 esse
1242 3690 1429 3751 statuamus.

310 3783 480 3848 Praeterea
495 3781 662 3848 Herbstius
683 3781 716 3846 in
741 3799 779 3848 eo
801 3780 863 3846 sibi
877 3779 1004 3846 videtur
1025 3799 1232 3864 repugnasse,
1257 3781 1351 3864 quod,
1374 3783 1430 3848 ubi

309 3943 511 3956 ,.-..-.--

376 4022 399 4086 ⁶)
417 4019 458 4074 De
484 4018 568 4074 futuri
593 4021 720 4089 temporis
748 4019 955 4090 significatione,
989 4033 1057 4088 quae
1084 4021 1179 4074 subest
1205 4019 1376 4088 conjunctivo
1403 4028 1431 4074 et

312 4103 439 4172 optativo,
458 4105 641 4170 exposuerunt
657 4101 795 4156 Delbruek
813 4106 842 4154 et
858 4099 997 4155 Windiscb
1016 4097 1265 4170 eynautfnorsch.
1280 4116 1307 4168 p.
1324 4105 1355 4154 ni
1370 4117 1428 4171 sqq.
