3050 4932
831 453 872 516 lo

289 631 377 717 (pag.
402 629 457 713 34)
487 651 544 718 pro
576 629 829 718 διαχρήσασθαι
852 631 990 698 seribere
1011 630 1126 697 suadet
1148 627 1414 716 διαχρήσεσθαι,

289 729 372 814 qnorl
403 731 581 814 praebeant
603 731 749 795 nonnulli
773 729 899 794 eoriioes
921 730 1014 811 eique
1035 747 1173 811 magnae
1194 729 1413 812 auetoritatis3

288 830 373 894 hnno
395 829 479 894 enim
502 847 631 894 sensnm
654 829 799 894 subesse:
823 827 1060 910 „Tradidernnt
1081 826 1210 892 obsides
1232 845 1291 908 rpe
1313 825 1413 909 alneti,

289 925 476 1009 Argivorum
500 926 653 1009 populum
684 945 738 990 eos
766 925 817 990 his
846 924 887 990 de
915 925 1019 990 oannis
1046 943 1118 990 esse
1138 923 1414 989 interfecturum.“

289 1025 353 1090 sen
375 1043 446 1088 eurn
461 1022 757 1103 infinitivusiuturi,
781 1021 834 1105 qni
849 1023 1032 1088 aeousativo
1054 1028 1149 1102 earet.
1172 1021 1215 1086 ad
1229 1021 1413 1104 subjeetum

290 1145 417 1209 semper
453 1120 623 1202 referatur,
663 1121 696 1186 in
735 1121 796 1185 liae
830 1121 1044 1204 explicatione
1075 1139 1170 1186 nemo
1203 1120 1412 1201 acquieverit.

288 1225 324 1303 V,
350 1227 400 1303 35,
430 1227 448 1286 5
472 1229 602 1306 κομιεῖν
631 1239 695 1284 non
719 1238 737 1284 e
759 1216 1006 1303 πειράσεσθαι,
1036 1225 1071 1284 ut
1091 1217 1205 1281 volunt
1225 1216 1415 1300 Kruegerus

289 1329 320 1386 et
352 1319 506 1398 flamine,
541 1315 599 1381 sed
632 1335 672 1381 ex
707 1315 839 1402 ἔφασαν
871 1315 1001 1400 pendet.
1038 1317 1084 1402 Π,
1115 1318 1165 1396 29,
1198 1317 1218 1378 *5
1247 1319 1412 1397 πέμπειν,

288 1419 444 1500 scriptura
474 1412 684 1479 Laurentiani
714 1413 739 1478 O
765 1421 797 1479 et
824 1414 1024 1480 Monacensis
1054 1413 1098 1494 G,
1134 1411 1322 1494 adoptando
1352 1419 1412 1495 est,

248 1545 250 1552 v
288 1516 379 1581 sicuti
408 1517 432 1597 Ι,
467 1515 517 1592 27,
554 1515 572 1574 2
601 1519 673 1593 post
702 1508 897 1598 ἐδεήθησαν
930 1510 1103 1578 eorundem
1137 1510 1281 1575 oodieum
1314 1511 1413 1576 lentio

289 1618 427 1697 πέμψαι
443 1611 638 1695 recipienda.

373 1712 417 1775 At
438 1717 531 1774 erunt
551 1709 698 1785 fortasse,
721 1707 774 1791 qni
798 1707 915 1789 omnia,
937 1725 1019 1790 quae
1041 1705 1212 1789 disputavi,
1235 1725 1322 1770 vana
1337 1727 1412 1772 esse

289 1809 411 1891 dieant,
443 1813 613 1890 prepterea
646 1807 729 1892 quod
762 1806 911 1888 μέλλειν,
945 1805 996 1869 σαὶ
1028 1822 1132 1885 neque
1155 1801 1283 1868 dicendi
1304 1825 1413 1888 neque

290 1904 453 1988 cogitandi
476 1924 588 1970 sensus
611 1905 722 1984 subsit,
746 1903 832 1986 apud
857 1923 967 1968 omnes
989 1903 1158 1986 scriptores
1181 1921 1315 1984 graecos
1337 1923 1412 1967 eum

288 2003 383 2067 inturi
412 2002 611 2086 potissimum
644 2001 801 2066 infinitivo
826 2000 989 2084 jungatur.
1034 2001 1139 2080 Atque
1166 1999 1264 2082 hujus
1286 1999 1333 2063 rei
1356 2019 1412 2064 ex-

287 2099 417 2183 plieatio
440 2119 504 2164 nnn
528 2119 545 2164 o
568 2099 698 2184 syntaxi
720 2117 823 2182 neque
846 2117 864 2162 e
886 2097 1028 2162 stabilito
1050 2098 1181 2178 linguae
1202 2115 1271 2177 usn,
1295 2095 1411 2162 sodex

289 2197 482 2283 etymologia
504 2203 536 2262 et
556 2197 692 2280 pristino
714 2195 866 2278 loquendi
888 2215 975 2260 more
998 2193 1218 2278 depromenda
1233 2199 1289 2259 est.
1324 2195 1411 2259 Nam

288 2303 456 2380 postquam
487 2293 583 2360 Curtii
619 2294 731 2360 studiis
762 2294 811 2376 (of.
842 2293 1035 2375 Grundzlige
1069 2293 1127 2358 der
1158 2291 1276 2374 grieolr.
1302 2293 1411 2376 Etym.

289 2413 360 2477 pag.
386 2396 447 2458 308
471 2400 502 2458 et
524 2397 576 2467 99)
608 2393 861 2458 demonstratum
892 2399 956 2472 est,
989 2391 1131 2455 radicem
1158 2409 1259 2471 ενιαν,
1292 2409 1410 2472 graeoe

288 2515 366 2575 μερ,
397 2509 414 2555 e
443 2511 506 2572 qua
534 2498 733 2573 procreatum
763 2497 810 2556 est
839 2489 964 2571 μέλλω,
994 2485 1225 2570 significatione
1247 2489 1411 2570 cogitandi

288 2587 434 2670 primitus
463 2587 642 2669 praeditam
670 2588 785 2667 fuisse,
820 2593 959 2666 constat,
992 2583 1181 2648 infinitivum
1210 2583 1324 2667 futuri,
1356 2587 1411 2671 qui

288 2685 430 2768 sequitur·
451 2684 584 2748 verbum
606 2683 725 2766 μέλλω,
748 2683 892 2766 ejusdem
915 2702 986 2748 esse
1008 2682 1144 2765 generis,
1167 2681 1258 2763 eujus
1280 2684 1321 2748 sit
1342 2685 1409 2766 ille,

289 2785 341 2866 qui
376 2781 525 2863 adjieitur
555 2779 753 2863 διανοοῦμαι
782 2783 889 2847 verbo.
927 2779 1012 2860 Quid
1040 2781 1136 2862 igitur
1163 2780 1292 2862 mirum,
1323 2783 1410 2864 quod

202 2947 203 2952 ,
290 2881 413 2962 Graeci,
437 2879 556 2944 assueti
577 2880 633 2944 illo
656 2879 775 2962 future,
811 2880 967 2947 tenaeiter
988 2879 1072 2943 hane
1094 2885 1282 2942 structuram
1304 2899 1410 2944 serva·

289 2987 412 3059 verunt,
435 2977 511 3042 lieet
533 2977 720 3062 prineipalis
742 2979 831 3044 verbi
853 2978 902 3044 vis
923 2977 1078 3061 paulatim
1101 2979 1223 3038 mutata
1245 2975 1308 3040 sit?
1330 2979 1407 3042 Mihi

289 3075 416 3158 quidem
439 3075 549 3156 μέλλω
572 3073 731 3160 ποιήσειν
754 3083 786 3141 et
808 3095 890 3158 quae
912 3075 1029 3140 similia
1044 3080 1126 3152 sunt,
1149 3093 1213 3158 non
1230 3073 1409 3154 pleonasmi

290 3161 440 3237 videntur
473 3191 558 3254 esse,
600 3173 658 3238 sed
690 3175 827 3255 vestigia
860 3173 977 3238 vetoris
1010 3170 1163 3254 loquendi
1195 3191 1285 3253 usus,
1327 3191 1409 3254 quae

290 3269 418 3347 tineent,
448 3271 557 3350 μέλλω
586 3271 747 3354 quondam
776 3271 874 3337 fuisse
902 3271 1033 3336 verbnm
1056 3266 1210 3352 putandi3
1240 3287 1310 3332 oum
1332 3289 1408 3334 vero

287 3367 372 3431 idern
381 3367 513 3432 verbnm
525 3370 627 3452 magis
639 3369 804 3451 magisque
816 3367 1160 3434 naturamvolnntativi
1172 3367 1407 3449 assumpsisset,

288 3485 352 3528 non
375 3485 395 3529 a
417 3467 595 3548 praesentis
612 3467 759 3548 denique,
783 3487 824 3533 ne
846 3467 887 3531 ab
909 3467 1016 3532 aoristi
1040 3464 1167 3548 quidem
1183 3462 1339 3530 infinitivo
1355 3465 1408 3530 ab·

287 3562 446 3627 horrebat.
491 3564 529 3627 ln
556 3565 595 3630 iis
624 3585 715 3648 voro,
746 3583 829 3647 quae
856 3566 1027 3630 Floeokius
1056 3560 1143 3646 (pag.
1168 3567 1218 3638 35)
1249 3562 1290 3626 de
1312 3561 1408 3628 variis

288 3659 465 3725 rationibus
493 3661 579 3726 illius
607 3663 698 3728 verbi
726 3661 930 3729 construendi
953 3661 1099 3744 protulit,
1124 3680 1194 3724 enm
1218 3660 1295 3724 dieii
1317 3661 1407 3742 origi-

289 3755 412 3820 nariam
444 3758 514 3840 ejus
543 3759 807 3841 significationem
829 3763 894 3826 virn
923 3759 1059 3826 durandi
1082 3759 1244 3824 continere
1271 3757 1408 3840 ideoque

289 3853 446 3918 rationem
476 3857 656 3940 postulare,
685 3867 719 3924 nt
747 3879 817 3924 oum
847 3859 1025 3942 praesentis
1054 3855 1210 3921 infinitivo
1233 3857 1407 3938 copuletur,

185 4027 189 4032 ¹
291 3949 482 4016 infinitivum
505 3951 601 4018 futuri
623 3963 729 4022 autem
757 3957 873 4022 ideireo
896 3955 1030 4040 adjungi
1052 3953 1170 4036 videri,
1201 3961 1235 4020 ut
1256 3953 1339 4018 aetio
1361 3953 1408 4018 in·

289 4054 378 4118 stans
401 4048 527 4132 „aerius
549 4052 776 4140 exprimatu1·“‚
800 4075 870 4121 eum
894 4073 932 4121 eo
953 4053 1057 4119 faeere
1073 4073 1137 4118 non
1152 4071 1290 4136 possum.
1324 4051 1408 4116 Nam
