3050 4932
859 441 878 504 6

305 626 379 688 sunt
406 637 561 704 praesens
584 617 659 702 dojrt
682 623 714 684 et
734 617 954 702 imper-lectum
977 618 1082 696 daott,
1111 636 1226 701 graece
1250 615 1372 700 δίδωμι
1400 625 1434 684 et

305 714 458 795 ἐδίδουν,
487 734 528 782 ex
555 715 657 782 altero
679 715 884 798 praeteritum
906 715 1115 799 perfectivum
1137 715 1206 795 dol,
1237 713 1363 797 ἔδωκα,
1399 725 1433 782 et

304 813 489 900 primarium
518 813 598 876 dum.
644 812 710 879 Sed
731 812 830 880 valde
857 832 996 891 errares,
1028 814 1055 880 si
1082 813 1164 878 illud
1192 813 1264 876 dum
1293 833 1328 879 re
1349 832 1433 880 vera

304 931 459 996 praesens
479 917 610 996 putares
632 929 718 976 esse:
741 918 789 978 est
811 912 897 978 enim
918 909 1057 978 futurum
1080 918 1112 978 et
1132 909 1219 978 idem
1233 911 1322 976 valet
1342 909 1431 994 qnod

305 1017 454 1094 graecum
484 1006 583 1072 δώσω
612 1010 665 1074 vel
694 1010 800 1093 potius
827 1009 935 1092 μέλλω
966 1008 1094 1076 δοῦναι.
1137 1009 1291 1074 Futurum
1319 1018 1432 1075 autem

305 1107 440 1174 actionis
467 1105 612 1172 durantis
634 1107 741 1172 verbis
768 1107 944 1172 auxiliariis
975 1126 1046 1172 curn
1068 1105 1225 1172 infinitivo
1248 1107 1432 1191 conjunctis

305 1203 507 1288 exprimitur:
536 1202 618 1266 brida
640 1204 757 1287 duodt’,
785 1206 837 1271 ioh
859 1204 968 1272 werde
995 1204 1110 1286 gehen.
1155 1203 1250 1270 Unde
1279 1212 1430 1288 apparet,

306 1303 458 1388 primaria
480 1322 500 1366 a
521 1301 715 1367 Slavonibus
737 1308 867 1368 seruata
888 1322 968 1384 esse,
990 1309 1025 1366 ut
1047 1301 1152 1368 futura
1166 1309 1432 1369 momentaneae

305 1401 418 1466 futuris
440 1399 600 1465 actionum
617 1399 798 1464 durantium
814 1399 1094 1482 distinguerentur,
1118 1420 1138 1464 a
1152 1397 1284 1467 Graecis
1300 1401 1431 1484 abjecta

306 1518 387 1580 esse,
410 1503 580 1582 propterea
602 1495 687 1579 quod
708 1497 742 1561 in
763 1497 859 1564 rebus
880 1497 992 1564 futuris
1012 1498 1103 1562 varia
1124 1497 1286 1564 actionum
1308 1519 1433 1582 genera

305 1617 371 1662 non
399 1596 564 1660 curabant.
614 1595 720 1676 Atque
751 1614 793 1661 ne
821 1589 909 1660 haec
932 1614 972 1660 cx
1001 1594 1083 1660 alius
1116 1596 1271 1662 sermonis
1299 1589 1432 1663 indiciis

305 1701 426 1760 temere
448 1693 617 1774 collegisse
632 1691 753 1774 videar,
777 1711 817 1758 ex
838 1693 909 1776 ipso
925 1693 1118 1758 Graecorum
1134 1712 1280 1759 sermone
1295 1695 1431 1762 afferam

306 1789 465 1874 ejusmodi
495 1791 662 1874 primaria,
691 1810 773 1873 quae
795 1791 829 1856 in
851 1789 946 1856 futuri
968 1791 1038 1857 loco
1062 1797 1231 1875 ponuntur.
1269 1790 1430 1872 Quonam,

307 1908 441 1971 quaeso,
470 1894 564 1972 pacto
591 1888 804 1972 explicaveris
833 1887 955 1970 ἐ’δομοι
984 1895 1016 1954 et
1044 1893 1185 1970 πίομαι,
1203 1878 1278 1955 misi
1306 1897 1432 1955 statuas

306 1987 460 2070 primaria
482 2005 567 2058 esse,
593 1985 779 2051 derivatae
801 1984 961 2051 radicibus
983 1983 1022 2051 δδ
1045 1994 1077 2051 et
1098 2010 1157 2067 νον,
1181 2006 1314 2069 quarum
1336 2006 1433 2071 prae-

307 2085 411 2150 sentia
433 2083 473 2148 ab
497 2082 597 2148 auctis
619 2083 769 2148 thematis
791 2081 860 2148 ἐσδ
882 2090 913 2148 et
935 2107 995 2148 νοιν
1018 2083 1243 2150 declinantur?

392 2182 442 2246 Ex
463 2181 519 2260 iis,
548 2199 629 2262 quae
652 2179 806 2262 diximus,
829 2180 907 2246 satis
929 2180 1132 2246 manifestum
1155 2188 1219 2264 est,
1242 2201 1325 2264 quae
1346 2183 1432 2248 ratio

306 2280 389 2345 inter
417 2279 526 2344 aoristi
553 2278 765 2356 ¹indicativum
788 2277 996 2361 ejusdemque
1019 2276 1132 2344 modos
1153 2279 1343 2344 intercedat.
1391 2282 1432 2346 Et
1490 2321 1491 2326 κ

306 2378 444 2462 primum
465 2375 610 2460 quidem,
642 2395 712 2441 cum
741 2377 851 2442 aoristi
873 2377 969 2460 stirps
991 2376 1150 2442 actionem
1172 2383 1432 2444 momentaneam
1492 2447 1493 2466 2

306 2476 340 2538 in
362 2476 545 2539 universum
568 2474 739 2556 significet,
767 2475 839 2538 luce
861 2475 977 2540 clarius
1000 2480 1064 2555 est,
1087 2475 1250 2556 praeteriti
1272 2476 1338 2540 vim
1360 2477 1431 2542 solo

307 2576 480 2654 augmento
502 2570 652 2634 indicari:
675 2577 710 2634 ut
731 2569 950 2652 imperfectum
973 2569 1160 2652 ἐλάμβανον
1182 2593 1203 2638 a
1224 2573 1324 2656 stirpe
1346 2573 1432 2656 λομ-

308 2674 382 2752 βαν,
405 2667 501 2732 ἔλυον
523 2687 544 2731 a
558 2667 596 2731 lo
612 2667 765 2751 originem
781 2665 882 2746 duxit,
905 2668 951 2731 ita
966 2665 1086 2750 ἔλαβον
1101 2669 1238 2736 aoristus
1253 2691 1273 2735 a
1288 2671 1432 2738 themate

308 2768 382 2848 λαβ,
407 2763 509 2829 ἐ’λνσα
531 2784 552 2829 a
572 2764 666 2830 λοσα.
697 2767 789 2847 Tum,
812 2765 898 2848 quod
915 2765 985 2849 jam
1008 2767 1041 2831 in
1064 2766 1170 2850 priore
1184 2769 1432 2834 ratiocinatione

307 2866 397 2945 latet,
419 2863 504 2928 bene
525 2861 699 2928 tenendum
722 2870 779 2944 est,
803 2883 913 2930 omnes
928 2864 1038 2930 aoristi
1052 2865 1180 2947 formas,
1204 2866 1318 2949 quibus
1339 2866 1432 2934 deest
1493 2899 1494 2960 p

309 2967 531 3045 augmentum,
560 2959 581 3022 i.
611 2980 638 3026 e.
671 2980 782 3026 omnes
803 2967 931 3044 praeter
952 2960 1177 3045 indicativum,
1201 2983 1309 3030 carere
1332 2966 1432 3046 signi·

237 3051 242 3060 ’
309 3059 457 3126 ficatione
479 3058 652 3140 praeteriti.
696 3058 823 3122 Etenim
852 3059 879 3124 si
901 3059 972 3142 quis
994 3061 1200 3142 concesserit,
1229 3062 1342 3128 modos
1364 3085 1432 3128 non

231 3179 234 3186 ·
311 3178 352 3224 ex
372 3156 560 3240 praeterito,
590 3154 648 3220 sed
671 3173 688 3220 e
712 3155 852 3222 themate
874 3157 962 3222 velut
985 3158 1124 3222 omnium
1147 3158 1319 3226 formarum
1342 3181 1431 3226 oom-

310 3255 398 3320 muni
430 3254 518 3320 tonte
549 3251 694 3332 fluxisse,
728 3253 798 3337 pari
827 3253 921 3320 modo
950 3255 1190 3322 concedendum
1220 3263 1281 3338 est,
1315 3258 1430 3325 modos

310 3353 421 3420 aoristi
443 3372 507 3416 non
530 3351 676 3420 amisisse
698 3357 913 3434 augmentum,
937 3352 994 3418 sed
1016 3373 1188 3436 numquam
1210 3355 1371 3422 habuisse.

313 3590 381 3662 §2
426 3587 546 3653 UNDE
569 3585 743 3654 FAO'PUM
765 3587 849 3668 SIT,
879 3587 938 3654 UT
960 3587 1133 3655 AORISTI
1156 3591 1429 3661 INFINITIVUS

324 3779 325 3782 Ἴ
381 3683 593 3749 TEMPORIS
615 3685 878 3750 PRAETERITI
900 3684 1127 3754 NOTIONEM
1149 3689 1362 3755 HABERET.

397 3837 439 3901 At
468 3835 584 3902 dixerit
606 3837 763 3921 quispiam
786 3858 856 3906 esse
878 3839 967 3904 aliud
988 3861 1088 3924 genus
1110 3841 1279 3923 loquendi,
1309 3843 1343 3907 in
1367 3864 1429 3926 quo

312 3933 399 4000 modi
410 3932 519 3997 aoristi
534 3933 577 3997 ad
592 3955 658 4000 rem
670 3937 874 4018 praeteritam
887 3945 1039 4020 spectent,
1053 3939 1149 4006 siout:
1165 3938 1240 4005 νδοε
1258 3936 1428 4027 ἐγνώσθη,

312 4027 366 4095 ὅτι
416 4028 448 4094 οἱ
497 4027 664 4116 βάρβαροι
707 4031 764 4097 τὸν
808 4030 993 4118 ἄνθρωπον
1037 4030 1280 4121 δνοονοέμψαιεν
1327 4034 1426 4122 (Xen.
