<?xml version="1.0" encoding="UTF-8"?>
<!DOCTYPE html PUBLIC "-//W3C//DTD XHTML 1.0 Transitional//EN"
    "http://www.w3.org/TR/xhtml1/DTD/xhtml1-transitional.dtd">
<html xmlns="http://www.w3.org/1999/xhtml" xml:lang="en" lang="en">
 <head>
  <title>
</title>
<meta http-equiv="Content-Type" content="text/html;charset=utf-8" />
  <meta name='ocr-system' content='tesseract 3.04.00' />
  <meta name='ocr-capabilities' content='ocr_page ocr_carea ocr_par ocr_line ocrx_word'/>
</head>
<body>
  <div class='ocr_page' id='page_1' title='image "./deinfinitivitem00forsgoog_0016.png"; bbox 0 0 3050 4932; ppageno 0'>
   <div class='ocr_carea' id='block_1_1' title="bbox 656 443 672 504">
    <p class='ocr_par' dir='ltr' id='par_1_1' title="bbox 656 443 672 504">
     <span class='ocr_line' id='line_1_1' title="bbox 656 443 672 504; baseline 0 0"><span class='ocrx_word' id='word_1_1' title='bbox 656 443 672 504; x_wconf 86' lang='grc'><strong>7</strong></span> 
     </span>
    </p>
   </div>
   <div class='ocr_carea' id='block_1_2' title="bbox 98 604 1388 706">
    <p class='ocr_par' dir='ltr' id='par_1_2' title="bbox 98 604 1388 706">
     <span class='ocr_line' id='line_1_2' title="bbox 98 604 1388 706; baseline -0.005 -20"><span class='ocrx_word' id='word_1_2' title='bbox 98 619 206 686; x_wconf 85' lang='lat' dir='ltr'>Anah.</span> <span class='ocrx_word' id='word_1_3' title='bbox 229 618 272 702; x_wconf 89' lang='grc' dir='ltr'>ΙΙ,</span> <span class='ocrx_word' id='word_1_4' title='bbox 290 625 318 702; x_wconf 81' lang='lat'>4,</span> <span class='ocrx_word' id='word_1_5' title='bbox 336 618 390 704; x_wconf 74' lang='lat'>22)</span> <span class='ocrx_word' id='word_1_6' title='bbox 415 620 482 686; x_wconf 91' lang='lat' dir='ltr'>vel:</span> <span class='ocrx_word' id='word_1_7' title='bbox 505 620 563 686; x_wconf 82' lang='grc' dir='ltr'>τὸν</span> <span class='ocrx_word' id='word_1_8' title='bbox 587 619 702 704; x_wconf 74' lang='grc' dir='ltr'><em>ἕτερον</em></span> <span class='ocrx_word' id='word_1_9' title='bbox 725 619 835 705; x_wconf 82' lang='grc' dir='ltr'><em>λαβὼν</em></span> <span class='ocrx_word' id='word_1_10' title='bbox 859 617 950 700; x_wconf 76' lang='grc' dir='ltr'><strong><em>ἄπει,</em></strong></span> <span class='ocrx_word' id='word_1_11' title='bbox 972 615 1020 686; x_wconf 78' lang='grc' dir='ltr'>ἵν’</span> <span class='ocrx_word' id='word_1_12' title='bbox 1045 619 1152 706; x_wconf 69' lang='grc' dir='ltr'><em>ἔλθῃς</em></span> <span class='ocrx_word' id='word_1_13' title='bbox 1174 619 1219 706; x_wconf 79' lang='grc' dir='ltr'>μὴ</span> <span class='ocrx_word' id='word_1_14' title='bbox 1312 604 1315 610; x_wconf 42' lang='grc'>’</span> <span class='ocrx_word' id='word_1_15' title='bbox 1383 651 1388 660; x_wconf 78' lang='lat'><strong>·</strong></span> 
     </span>
    </p>
   </div>
   <div class='ocr_carea' id='block_1_3' title="bbox 93 716 1224 3628">
    <p class='ocr_par' dir='ltr' id='par_1_3' title="bbox 93 716 1222 2350">
     <span class='ocr_line' id='line_1_3' title="bbox 98 716 1221 804; baseline 0.003 -23"><span class='ocrx_word' id='word_1_16' title='bbox 98 716 208 804; x_wconf 80' lang='grc' dir='ltr'><em>μάτην</em></span> <span class='ocrx_word' id='word_1_17' title='bbox 221 719 394 802; x_wconf 82' lang='lat' dir='ltr'>(Aristoph.</span> <span class='ocrx_word' id='word_1_18' title='bbox 407 719 487 784; x_wconf 82' lang='lat' dir='ltr'>Rau.</span> <span class='ocrx_word' id='word_1_19' title='bbox 498 723 589 796; x_wconf 81' lang='lat'>1415)</span> <span class='ocrx_word' id='word_1_20' title='bbox 600 720 667 784; x_wconf 90' lang='lat' dir='ltr'>vel:</span> <span class='ocrx_word' id='word_1_21' title='bbox 682 720 818 802; x_wconf 78' lang='grc' dir='ltr'><em>λέγουσι</em></span> <span class='ocrx_word' id='word_1_22' title='bbox 835 719 872 786; x_wconf 81' lang='grc' dir='ltr'>δέ</span> <span class='ocrx_word' id='word_1_23' title='bbox 889 743 978 797; x_wconf 74' lang='grc' dir='ltr'><em>τινες</em></span> <span class='ocrx_word' id='word_1_24' title='bbox 994 719 1049 786; x_wconf 79' lang='grc' dir='ltr'>καὶ</span> <span class='ocrx_word' id='word_1_25' title='bbox 1065 717 1221 800; x_wconf 71' lang='grc' dir='ltr'><em>ἑκούσιον</em></span> 
     </span>
     <span class='ocr_line' id='line_1_4' title="bbox 102 811 1220 902; baseline 0.004 -24"><span class='ocrx_word' id='word_1_26' title='bbox 102 813 271 901; x_wconf 78' lang='grc' dir='ltr'><em>φαρμάκῳ</em></span> <span class='ocrx_word' id='word_1_27' title='bbox 295 813 488 882; x_wconf 72' lang='grc' dir='ltr'><em>ἀποθανεῖν</em></span> <span class='ocrx_word' id='word_1_28' title='bbox 504 811 604 882; x_wconf 74' lang='grc' dir='ltr'><em>αὐτὸν</em></span> <span class='ocrx_word' id='word_1_29' title='bbox 622 814 736 900; x_wconf 86' lang='lat' dir='ltr'>(Thuc.</span> <span class='ocrx_word' id='word_1_30' title='bbox 752 818 777 895; x_wconf 84' lang='lat' dir='ltr'>I,</span> <span class='ocrx_word' id='word_1_31' title='bbox 797 821 866 901; x_wconf 82' lang='lat'>138,</span> <span class='ocrx_word' id='word_1_32' title='bbox 883 817 928 902; x_wconf 83' lang='lat'>5).</span> <span class='ocrx_word' id='word_1_33' title='bbox 958 817 1070 900; x_wconf 85' lang='lat' dir='ltr'>Neque</span> <span class='ocrx_word' id='word_1_34' title='bbox 1091 837 1220 901; x_wconf 84' lang='lat' dir='ltr'>possum</span> 
     </span>
     <span class='ocr_line' id='line_1_5' title="bbox 96 910 1221 1000; baseline 0.004 -23"><span class='ocrx_word' id='word_1_35' title='bbox 96 912 217 980; x_wconf 87' lang='lat' dir='ltr'>infitias</span> <span class='ocrx_word' id='word_1_36' title='bbox 231 915 287 996; x_wconf 86' lang='lat' dir='ltr'>irc,</span> <span class='ocrx_word' id='word_1_37' title='bbox 303 914 409 981; x_wconf 84' lang='lat' dir='ltr'>verbis</span> <span class='ocrx_word' id='word_1_38' title='bbox 424 910 677 997; x_wconf 78' lang='grc' dir='ltr'><em>ὓποπέμψαιεν,</em></span> <span class='ocrx_word' id='word_1_39' title='bbox 694 914 809 1000; x_wconf 72' lang='grc' dir='ltr'><strong><em>ἔλθῃς,</em></strong></span> <span class='ocrx_word' id='word_1_40' title='bbox 826 911 1017 980; x_wconf 75' lang='grc' dir='ltr'><em>ἀποθανεῖν</em></span> <span class='ocrx_word' id='word_1_41' title='bbox 1032 914 1117 980; x_wconf 82' lang='lat' dir='ltr'>lacta</span> <span class='ocrx_word' id='word_1_42' title='bbox 1131 933 1221 999; x_wconf 88' lang='lat' dir='ltr'>prae-</span> 
     </span>
     <span class='ocr_line' id='line_1_6' title="bbox 96 1011 1222 1096; baseline 0.002 -20"><span class='ocrx_word' id='word_1_43' title='bbox 96 1011 194 1077; x_wconf 87' lang='lat' dir='ltr'>terita</span> <span class='ocrx_word' id='word_1_44' title='bbox 222 1011 375 1096; x_wconf 87' lang='lat' dir='ltr'>indicari;</span> <span class='ocrx_word' id='word_1_45' title='bbox 403 1011 609 1078; x_wconf 85' lang='lat' dir='ltr'>nihilominus</span> <span class='ocrx_word' id='word_1_46' title='bbox 637 1031 719 1095; x_wconf 89' lang='lat' dir='ltr'>quae</span> <span class='ocrx_word' id='word_1_47' title='bbox 747 1033 845 1096; x_wconf 87' lang='lat' dir='ltr'>supra</span> <span class='ocrx_word' id='word_1_48' title='bbox 874 1011 914 1079; x_wconf 90' lang='lat' dir='ltr'>de</span> <span class='ocrx_word' id='word_1_49' title='bbox 941 1012 1060 1079; x_wconf 89' lang='lat' dir='ltr'>aoristo</span> <span class='ocrx_word' id='word_1_50' title='bbox 1089 1011 1222 1096; x_wconf 86' lang='lat' dir='ltr'>ejusque</span> 
     </span>
     <span class='ocr_line' id='line_1_7' title="bbox 96 1109 1222 1193; baseline 0.004 -21"><span class='ocrx_word' id='word_1_51' title='bbox 96 1109 204 1175; x_wconf 89' lang='lat' dir='ltr'>modis</span> <span class='ocrx_word' id='word_1_52' title='bbox 227 1109 405 1193; x_wconf 79' lang='lat' dir='ltr'>disputavi,</span> <span class='ocrx_word' id='word_1_53' title='bbox 434 1129 511 1176; x_wconf 86' lang='lat' dir='ltr'>vere</span> <span class='ocrx_word' id='word_1_54' title='bbox 540 1109 625 1176; x_wconf 88' lang='lat' dir='ltr'>dicta</span> <span class='ocrx_word' id='word_1_55' title='bbox 654 1129 725 1176; x_wconf 87' lang='lat' dir='ltr'>csse</span> <span class='ocrx_word' id='word_1_56' title='bbox 752 1129 937 1193; x_wconf 83' lang='lat' dir='ltr'>persuasum</span> <span class='ocrx_word' id='word_1_57' title='bbox 967 1110 1082 1176; x_wconf 89' lang='lat' dir='ltr'>habco.</span> <span class='ocrx_word' id='word_1_58' title='bbox 1127 1109 1222 1176; x_wconf 88' lang='lat' dir='ltr'>Unde</span> 
     </span>
     <span class='ocr_line' id='line_1_8' title="bbox 97 1207 1222 1290; baseline 0.002 -18"><span class='ocrx_word' id='word_1_59' title='bbox 97 1214 208 1272; x_wconf 89' lang='lat' dir='ltr'>autem</span> <span class='ocrx_word' id='word_1_60' title='bbox 224 1207 288 1290; x_wconf 83' lang='lat' dir='ltr'>fiat,</span> <span class='ocrx_word' id='word_1_61' title='bbox 304 1213 339 1272; x_wconf 90' lang='lat' dir='ltr'>ut</span> <span class='ocrx_word' id='word_1_62' title='bbox 354 1207 450 1290; x_wconf 88' lang='lat' dir='ltr'>modi,</span> <span class='ocrx_word' id='word_1_63' title='bbox 466 1208 611 1290; x_wconf 89' lang='lat' dir='ltr'>quamvis</span> <span class='ocrx_word' id='word_1_64' title='bbox 626 1215 797 1290; x_wconf 85' lang='lat' dir='ltr'>augmento</span> <span class='ocrx_word' id='word_1_65' title='bbox 812 1214 952 1290; x_wconf 83' lang='lat' dir='ltr'>careant,</span> <span class='ocrx_word' id='word_1_66' title='bbox 968 1215 1076 1274; x_wconf 89' lang='lat' dir='ltr'>tamen</span> <span class='ocrx_word' id='word_1_67' title='bbox 1090 1209 1222 1274; x_wconf 88' lang='lat' dir='ltr'>notione</span> 
     </span>
     <span class='ocr_line' id='line_1_9' title="bbox 97 1304 1221 1396; baseline 0.003 -28"><span class='ocrx_word' id='word_1_68' title='bbox 97 1305 264 1388; x_wconf 82' lang='lat' dir='ltr'>praeteriti</span> <span class='ocrx_word' id='word_1_69' title='bbox 291 1305 436 1372; x_wconf 81' lang='lat' dir='ltr'>instructi</span> <span class='ocrx_word' id='word_1_70' title='bbox 464 1307 542 1388; x_wconf 90' lang='lat' dir='ltr'>sint,</span> <span class='ocrx_word' id='word_1_71' title='bbox 578 1306 697 1389; x_wconf 91' lang='lat' dir='ltr'>optime</span> <span class='ocrx_word' id='word_1_72' title='bbox 725 1306 873 1396; x_wconf 81' lang='lat' dir='ltr'>exposuit</span> <span class='ocrx_word' id='word_1_73' title='bbox 901 1304 1025 1372; x_wconf 79' lang='lat' dir='ltr'>Curtius</span> <span class='ocrx_word' id='word_1_74' title='bbox 1047 1305 1221 1388; x_wconf 81' lang='lat' dir='ltr'>(Tempora</span> 
     </span>
     <span class='ocr_line' id='line_1_10' title="bbox 96 1401 1221 1486; baseline 0 -18"><span class='ocrx_word' id='word_1_75' title='bbox 96 1401 168 1468; x_wconf 87' lang='lat' dir='ltr'>und</span> <span class='ocrx_word' id='word_1_76' title='bbox 190 1403 278 1468; x_wconf 91' lang='lat' dir='ltr'>Modi</span> <span class='ocrx_word' id='word_1_77' title='bbox 300 1423 373 1486; x_wconf 83' lang='lat' dir='ltr'>pag.</span> <span class='ocrx_word' id='word_1_78' title='bbox 397 1407 458 1470; x_wconf 81' lang='lat'>238</span> <span class='ocrx_word' id='word_1_79' title='bbox 479 1409 570 1486; x_wconf 67' lang='lat' dir='ltr'>sqql,</span> <span class='ocrx_word' id='word_1_80' title='bbox 594 1423 666 1468; x_wconf 92' lang='lat' dir='ltr'>cum</span> <span class='ocrx_word' id='word_1_81' title='bbox 687 1403 732 1470; x_wconf 92' lang='lat' dir='ltr'>sic</span> <span class='ocrx_word' id='word_1_82' title='bbox 754 1403 976 1469; x_wconf 80' lang='lat' dir='ltr'>ratiocinatur:</span> <span class='ocrx_word' id='word_1_83' title='bbox 1000 1401 1135 1485; x_wconf 80' lang='lat' dir='ltr'>„indam</span> <span class='ocrx_word' id='word_1_84' title='bbox 1153 1403 1221 1470; x_wconf 90' lang='lat' dir='ltr'>sich</span> 
     </span>
     <span class='ocr_line' id='line_1_11' title="bbox 95 1497 1222 1584; baseline 0.002 -18"><span class='ocrx_word' id='word_1_85' title='bbox 95 1501 207 1566; x_wconf 87' lang='lat' dir='ltr'>ncbcn</span> <span class='ocrx_word' id='word_1_86' title='bbox 248 1500 321 1566; x_wconf 89' lang='lat' dir='ltr'>dem</span> <span class='ocrx_word' id='word_1_87' title='bbox 354 1499 524 1567; x_wconf 88' lang='lat' dir='ltr'>cinlachen</span> <span class='ocrx_word' id='word_1_88' title='bbox 552 1502 663 1580; x_wconf 78' lang='lat' dir='ltr'>Aonist.</span> <span class='ocrx_word' id='word_1_89' title='bbox 687 1497 835 1584; x_wconf 70' lang='grc' dir='ltr'>(ἔλαβον)</span> <span class='ocrx_word' id='word_1_90' title='bbox 865 1500 931 1566; x_wconf 92' lang='lat' dir='ltr'>und</span> <span class='ocrx_word' id='word_1_91' title='bbox 961 1499 1024 1566; x_wconf 89' lang='lat' dir='ltr'>den</span> <span class='ocrx_word' id='word_1_92' title='bbox 1053 1500 1222 1568; x_wconf 86' lang='lat' dir='ltr'>cinlachcn</span> 
     </span>
     <span class='ocr_line' id='line_1_12' title="bbox 95 1596 1221 1682; baseline 0.001 -18"><span class='ocrx_word' id='word_1_93' title='bbox 95 1597 205 1664; x_wconf 93' lang='lat' dir='ltr'>Modis</span> <span class='ocrx_word' id='word_1_94' title='bbox 238 1618 311 1663; x_wconf 88' lang='lat' dir='ltr'>vom</span> <span class='ocrx_word' id='word_1_95' title='bbox 342 1598 455 1664; x_wconf 88' lang='lat' dir='ltr'>reinen</span> <span class='ocrx_word' id='word_1_96' title='bbox 477 1599 600 1665; x_wconf 85' lang='lat' dir='ltr'>Stamm</span> <span class='ocrx_word' id='word_1_97' title='bbox 623 1596 783 1682; x_wconf 78' lang='grc' dir='ltr'>(λάβοιμι)</span> <span class='ocrx_word' id='word_1_98' title='bbox 811 1599 868 1662; x_wconf 90' lang='lat' dir='ltr'>mit</span> <span class='ocrx_word' id='word_1_99' title='bbox 901 1596 958 1664; x_wconf 91' lang='lat' dir='ltr'>der</span> <span class='ocrx_word' id='word_1_100' title='bbox 985 1598 1055 1664; x_wconf 90' lang='lat' dir='ltr'>Zeit</span> <span class='ocrx_word' id='word_1_101' title='bbox 1087 1598 1144 1666; x_wconf 88' lang='lat' dir='ltr'>der</span> <span class='ocrx_word' id='word_1_102' title='bbox 1170 1619 1221 1665; x_wconf 84' lang='lat' dir='ltr'>zu-</span> 
     </span>
     <span class='ocr_line' id='line_1_13' title="bbox 95 1694 1220 1780; baseline 0.002 -19"><span class='ocrx_word' id='word_1_103' title='bbox 95 1701 386 1778; x_wconf 84' lang='lat' dir='ltr'>sammengcsctzte</span> <span class='ocrx_word' id='word_1_104' title='bbox 414 1695 481 1760; x_wconf 92' lang='lat' dir='ltr'>und</span> <span class='ocrx_word' id='word_1_105' title='bbox 510 1695 562 1762; x_wconf 87' lang='lat' dir='ltr'>die</span> <span class='ocrx_word' id='word_1_106' title='bbox 590 1701 939 1778; x_wconf 85' lang='lat' dir='ltr'>zusammengcsetzten</span> <span class='ocrx_word' id='word_1_107' title='bbox 960 1696 1047 1762; x_wconf 91' lang='lat' dir='ltr'>Modi</span> <span class='ocrx_word' id='word_1_108' title='bbox 1068 1694 1220 1780; x_wconf 76' lang='grc' dir='ltr'><em>(ἕτοιμον,</em></span> 
     </span>
     <span class='ocr_line' id='line_1_14' title="bbox 94 1792 1221 1878; baseline 0.003 -20"><span class='ocrx_word' id='word_1_109' title='bbox 94 1792 257 1878; x_wconf 69' lang='lat' dir='ltr'>admouit)</span> <span class='ocrx_word' id='word_1_110' title='bbox 280 1792 435 1875; x_wconf 82' lang='lat' dir='ltr'>bildeten,</span> <span class='ocrx_word' id='word_1_111' title='bbox 458 1793 567 1858; x_wconf 84' lang='lat' dir='ltr'>indam</span> <span class='ocrx_word' id='word_1_112' title='bbox 582 1793 649 1858; x_wconf 90' lang='lat' dir='ltr'>sich</span> <span class='ocrx_word' id='word_1_113' title='bbox 665 1793 784 1860; x_wconf 83' lang='lat' dir='ltr'>hierfdr</span> <span class='ocrx_word' id='word_1_114' title='bbox 798 1795 870 1860; x_wconf 85' lang='lat' dir='ltr'>eine</span> <span class='ocrx_word' id='word_1_115' title='bbox 885 1792 1047 1862; x_wconf 87' lang='lat' dir='ltr'>drcifache</span> <span class='ocrx_word' id='word_1_116' title='bbox 1062 1795 1221 1878; x_wconf 75' lang='lat' dir='ltr'>Analogia</span> 
     </span>
     <span class='ocr_line' id='line_1_15' title="bbox 93 1889 1221 1973; baseline 0.001 -18"><span class='ocrx_word' id='word_1_117' title='bbox 93 1893 143 1956; x_wconf 92' lang='lat' dir='ltr'>im</span> <span class='ocrx_word' id='word_1_118' title='bbox 173 1891 283 1971; x_wconf 68' lang='lat' dir='ltr'>Actis,</span> <span class='ocrx_word' id='word_1_119' title='bbox 319 1889 458 1955; x_wconf 83' lang='lat' dir='ltr'>Medium</span> <span class='ocrx_word' id='word_1_120' title='bbox 487 1890 554 1956; x_wconf 92' lang='lat' dir='ltr'>und</span> <span class='ocrx_word' id='word_1_121' title='bbox 582 1891 695 1956; x_wconf 78' lang='lat' dir='ltr'>Passio</span> <span class='ocrx_word' id='word_1_122' title='bbox 723 1891 961 1973; x_wconf 86' lang='lat' dir='ltr'>herausstelltc‚</span> <span class='ocrx_word' id='word_1_123' title='bbox 992 1890 1125 1958; x_wconf 77' lang='lat' dir='ltr'>anderte</span> <span class='ocrx_word' id='word_1_124' title='bbox 1153 1891 1221 1958; x_wconf 90' lang='lat' dir='ltr'>sich</span> 
     </span>
     <span class='ocr_line' id='line_1_16' title="bbox 95 1987 1221 2073; baseline 0.002 -19"><span class='ocrx_word' id='word_1_125' title='bbox 95 1989 245 2056; x_wconf 87' lang='lat' dir='ltr'>offenbar</span> <span class='ocrx_word' id='word_1_126' title='bbox 276 1987 334 2053; x_wconf 89' lang='lat' dir='ltr'>das</span> <span class='ocrx_word' id='word_1_127' title='bbox 356 1988 573 2054; x_wconf 86' lang='lat' dir='ltr'>Bewusstsein</span> <span class='ocrx_word' id='word_1_128' title='bbox 602 1987 658 2054; x_wconf 90' lang='lat' dir='ltr'>der</span> <span class='ocrx_word' id='word_1_129' title='bbox 680 1989 823 2072; x_wconf 86' lang='lat' dir='ltr'>Sprache</span> <span class='ocrx_word' id='word_1_130' title='bbox 845 1989 954 2055; x_wconf 87' lang='lat' dir='ltr'>solbst.</span> <span class='ocrx_word' id='word_1_131' title='bbox 998 1990 1064 2054; x_wconf 87' lang='lat' dir='ltr'>Der</span> <span class='ocrx_word' id='word_1_132' title='bbox 1085 1990 1221 2073; x_wconf 84' lang='lat' dir='ltr'>Sprach-</span> 
     </span>
     <span class='ocr_line' id='line_1_17' title="bbox 95 2085 1220 2171; baseline 0 -18"><span class='ocrx_word' id='word_1_133' title='bbox 95 2089 184 2171; x_wconf 84' lang='lat' dir='ltr'>geist</span> <span class='ocrx_word' id='word_1_134' title='bbox 205 2086 389 2152; x_wconf 86' lang='lat' dir='ltr'>vermochte</span> <span class='ocrx_word' id='word_1_135' title='bbox 419 2106 453 2152; x_wconf 86' lang='lat' dir='ltr'>es</span> <span class='ocrx_word' id='word_1_136' title='bbox 480 2093 559 2150; x_wconf 88' lang='lat' dir='ltr'>trotz</span> <span class='ocrx_word' id='word_1_137' title='bbox 589 2085 647 2152; x_wconf 88' lang='lat' dir='ltr'>des</span> <span class='ocrx_word' id='word_1_138' title='bbox 669 2086 843 2153; x_wconf 84' lang='lat' dir='ltr'>lehlendan</span> <span class='ocrx_word' id='word_1_139' title='bbox 865 2088 1061 2168; x_wconf 82' lang='lat' dir='ltr'>Augmantes</span> <span class='ocrx_word' id='word_1_140' title='bbox 1082 2085 1220 2170; x_wconf 71' lang='grc' dir='ltr'><em>λάβοιμι</em></span> 
     </span>
     <span class='ocr_line' id='line_1_18' title="bbox 94 2181 1221 2271; baseline 0.001 -21"><span class='ocrx_word' id='word_1_141' title='bbox 94 2186 158 2250; x_wconf 85' lang='lat' dir='ltr'>mit</span> <span class='ocrx_word' id='word_1_142' title='bbox 181 2182 311 2265; x_wconf 68' lang='grc' dir='ltr'><em>ἔλαβον,</em></span> <span class='ocrx_word' id='word_1_143' title='bbox 333 2181 479 2265; x_wconf 80' lang='grc' dir='ltr'><em>νύψαιμι</em></span> <span class='ocrx_word' id='word_1_144' title='bbox 501 2183 558 2248; x_wconf 90' lang='lat' dir='ltr'>mit</span> <span class='ocrx_word' id='word_1_145' title='bbox 581 2181 700 2266; x_wconf 71' lang='grc' dir='ltr'><em>ἕτοψα,</em></span> <span class='ocrx_word' id='word_1_146' title='bbox 722 2190 862 2270; x_wconf 67' lang='lat' dir='ltr'>concolor</span> <span class='ocrx_word' id='word_1_147' title='bbox 885 2185 943 2250; x_wconf 80' lang='lat' dir='ltr'>mit</span> <span class='ocrx_word' id='word_1_148' title='bbox 958 2183 1083 2271; x_wconf 76' lang='grc' dir='ltr'><em>ἒνύαην</em></span> <span class='ocrx_word' id='word_1_149' title='bbox 1099 2207 1136 2249; x_wconf 89' lang='lat' dir='ltr'>zu</span> <span class='ocrx_word' id='word_1_150' title='bbox 1152 2205 1221 2251; x_wconf 87' lang='lat' dir='ltr'>ver·</span> 
     </span>
     <span class='ocr_line' id='line_1_19' title="bbox 94 2279 257 2350; baseline -0.037 0"><span class='ocrx_word' id='word_1_151' title='bbox 94 2279 257 2350; x_wconf 85' lang='lat' dir='ltr'>bindcn.“</span> 
     </span>
    </p>

    <p class='ocr_par' dir='ltr' id='par_1_4' title="bbox 95 2375 1224 3628">
     <span class='ocr_line' id='line_1_20' title="bbox 187 2375 1222 2445; baseline 0 -2"><span class='ocrx_word' id='word_1_152' title='bbox 187 2375 320 2443; x_wconf 85' lang='lat' dir='ltr'>Maximi</span> <span class='ocrx_word' id='word_1_153' title='bbox 349 2395 424 2442; x_wconf 88' lang='lat' dir='ltr'>vcro</span> <span class='ocrx_word' id='word_1_154' title='bbox 457 2377 611 2442; x_wconf 77' lang='lat' dir='ltr'>momenti</span> <span class='ocrx_word' id='word_1_155' title='bbox 641 2377 684 2441; x_wconf 91' lang='lat' dir='ltr'>ad</span> <span class='ocrx_word' id='word_1_156' title='bbox 717 2379 799 2442; x_wconf 89' lang='lat' dir='ltr'>hunc</span> <span class='ocrx_word' id='word_1_157' title='bbox 832 2399 923 2444; x_wconf 90' lang='lat' dir='ltr'>usum</span> <span class='ocrx_word' id='word_1_158' title='bbox 956 2377 1167 2443; x_wconf 85' lang='lat' dir='ltr'>excolendum</span> <span class='ocrx_word' id='word_1_159' title='bbox 1190 2386 1222 2445; x_wconf 88' lang='lat' dir='ltr'>et</span> 
     </span>
     <span class='ocr_line' id='line_1_21' title="bbox 95 2468 1221 2559; baseline -0.004 -14"><span class='ocrx_word' id='word_1_160' title='bbox 95 2475 334 2559; x_wconf 81' lang='lat' dir='ltr'>divulgandum</span> <span class='ocrx_word' id='word_1_161' title='bbox 357 2473 415 2538; x_wconf 87' lang='lat' dir='ltr'>luit</span> <span class='ocrx_word' id='word_1_162' title='bbox 435 2491 537 2556; x_wconf 83' lang='lat' dir='ltr'>genus</span> <span class='ocrx_word' id='word_1_163' title='bbox 559 2468 641 2538; x_wconf 86' lang='lat' dir='ltr'>illud</span> <span class='ocrx_word' id='word_1_164' title='bbox 664 2475 815 2540; x_wconf 91' lang='lat' dir='ltr'>orationis</span> <span class='ocrx_word' id='word_1_165' title='bbox 838 2476 1003 2559; x_wconf 83' lang='lat' dir='ltr'>obliquae,</span> <span class='ocrx_word' id='word_1_166' title='bbox 1027 2495 1068 2541; x_wconf 84' lang='lat' dir='ltr'>cx</span> <span class='ocrx_word' id='word_1_167' title='bbox 1090 2497 1152 2558; x_wconf 91' lang='lat' dir='ltr'>quc</span> <span class='ocrx_word' id='word_1_168' title='bbox 1174 2476 1221 2542; x_wconf 91' lang='lat' dir='ltr'>in-</span> 
     </span>
     <span class='ocr_line' id='line_1_22' title="bbox 95 2568 1220 2654; baseline -0.004 -12"><span class='ocrx_word' id='word_1_169' title='bbox 95 2575 241 2642; x_wconf 81' lang='lat' dir='ltr'>finitivus</span> <span class='ocrx_word' id='word_1_170' title='bbox 270 2573 335 2636; x_wconf 88' lang='lat' dir='ltr'>vim</span> <span class='ocrx_word' id='word_1_171' title='bbox 365 2570 456 2636; x_wconf 69' lang='lat' dir='ltr'>renti</span> <span class='ocrx_word' id='word_1_172' title='bbox 483 2568 563 2638; x_wconf 85' lang='lat' dir='ltr'>finiti</span> <span class='ocrx_word' id='word_1_173' title='bbox 584 2573 713 2654; x_wconf 82' lang='lat' dir='ltr'>ascivit,</span> <span class='ocrx_word' id='word_1_174' title='bbox 744 2573 814 2638; x_wconf 91' lang='lat' dir='ltr'>dico</span> <span class='ocrx_word' id='word_1_175' title='bbox 843 2575 1060 2640; x_wconf 86' lang='lat' dir='ltr'>accusativum</span> <span class='ocrx_word' id='word_1_176' title='bbox 1082 2593 1153 2638; x_wconf 90' lang='lat' dir='ltr'>oum</span> <span class='ocrx_word' id='word_1_177' title='bbox 1175 2574 1220 2638; x_wconf 94' lang='lat' dir='ltr'>in-</span> 
     </span>
     <span class='ocr_line' id='line_1_23' title="bbox 96 2668 1220 2755; baseline -0.003 -15"><span class='ocrx_word' id='word_1_178' title='bbox 96 2673 234 2740; x_wconf 85' lang='lat' dir='ltr'>finitivo.</span> <span class='ocrx_word' id='word_1_179' title='bbox 279 2669 357 2736; x_wconf 81' lang='lat' dir='ltr'>(lum</span> <span class='ocrx_word' id='word_1_180' title='bbox 386 2677 492 2736; x_wconf 90' lang='lat' dir='ltr'>autem</span> <span class='ocrx_word' id='word_1_181' title='bbox 516 2668 556 2734; x_wconf 84' lang='lat' dir='ltr'>de</span> <span class='ocrx_word' id='word_1_182' title='bbox 579 2668 673 2752; x_wconf 91' lang='lat' dir='ltr'>hujus</span> <span class='ocrx_word' id='word_1_183' title='bbox 701 2677 878 2737; x_wconf 89' lang='lat' dir='ltr'>structurae</span> <span class='ocrx_word' id='word_1_184' title='bbox 906 2671 1027 2754; x_wconf 86' lang='lat' dir='ltr'>origine</span> <span class='ocrx_word' id='word_1_185' title='bbox 1058 2670 1220 2755; x_wconf 89' lang='lat' dir='ltr'>disputare</span> 
     </span>
     <span class='ocr_line' id='line_1_24' title="bbox 96 2767 1221 2850; baseline -0.004 -12"><span class='ocrx_word' id='word_1_186' title='bbox 96 2793 117 2838; x_wconf 91' lang='lat' dir='ltr'>a</span> <span class='ocrx_word' id='word_1_187' title='bbox 142 2776 254 2836; x_wconf 89' lang='lat' dir='ltr'>nostra</span> <span class='ocrx_word' id='word_1_188' title='bbox 282 2767 469 2850; x_wconf 90' lang='lat' dir='ltr'>quaestione</span> <span class='ocrx_word' id='word_1_189' title='bbox 496 2767 637 2832; x_wconf 89' lang='lat' dir='ltr'>alienum</span> <span class='ocrx_word' id='word_1_190' title='bbox 660 2767 700 2832; x_wconf 92' lang='lat' dir='ltr'>sit</span> <span class='ocrx_word' id='word_1_191' title='bbox 708 2769 746 2849; x_wconf 79' lang='lat'>²),</span> <span class='ocrx_word' id='word_1_192' title='bbox 775 2769 836 2833; x_wconf 87' lang='lat' dir='ltr'>hoc</span> <span class='ocrx_word' id='word_1_193' title='bbox 865 2775 988 2834; x_wconf 88' lang='lat' dir='ltr'>tantum</span> <span class='ocrx_word' id='word_1_194' title='bbox 1010 2789 1141 2848; x_wconf 87' lang='lat' dir='ltr'>moneo,</span> <span class='ocrx_word' id='word_1_195' title='bbox 1171 2788 1221 2833; x_wconf 90' lang='lat' dir='ltr'>ac-</span> 
     </span>
     <span class='ocr_line' id='line_1_25' title="bbox 95 2863 1221 2948; baseline -0.004 -12"><span class='ocrx_word' id='word_1_196' title='bbox 95 2867 277 2936; x_wconf 84' lang='lat' dir='ltr'>cusativum</span> <span class='ocrx_word' id='word_1_197' title='bbox 300 2885 370 2929; x_wconf 89' lang='lat' dir='ltr'>cum</span> <span class='ocrx_word' id='word_1_198' title='bbox 391 2863 548 2928; x_wconf 82' lang='lat' dir='ltr'>infinitivo</span> <span class='ocrx_word' id='word_1_199' title='bbox 572 2863 794 2930; x_wconf 78' lang='lat' dir='ltr'>secundariam</span> <span class='ocrx_word' id='word_1_200' title='bbox 817 2886 888 2932; x_wconf 89' lang='lat' dir='ltr'>esse</span> <span class='ocrx_word' id='word_1_201' title='bbox 911 2873 1114 2946; x_wconf 88' lang='lat' dir='ltr'>structuram,</span> <span class='ocrx_word' id='word_1_202' title='bbox 1139 2886 1221 2948; x_wconf 89' lang='lat' dir='ltr'>quae</span> 
     </span>
     <span class='ocr_line' id='line_1_26' title="bbox 98 2960 1220 3047; baseline -0.005 -14"><span class='ocrx_word' id='word_1_203' title='bbox 98 2987 117 3033; x_wconf 92' lang='lat' dir='ltr'>e</span> <span class='ocrx_word' id='word_1_204' title='bbox 149 2963 303 3047; x_wconf 90' lang='lat' dir='ltr'>simplicis</span> <span class='ocrx_word' id='word_1_205' title='bbox 332 2960 480 3026; x_wconf 85' lang='lat' dir='ltr'>infinitivi</span> <span class='ocrx_word' id='word_1_206' title='bbox 509 2983 568 3028; x_wconf 92' lang='lat' dir='ltr'>usu</span> <span class='ocrx_word' id='word_1_207' title='bbox 596 2963 755 3043; x_wconf 77' lang='lat' dir='ltr'>manarit,</span> <span class='ocrx_word' id='word_1_208' title='bbox 785 2963 941 3046; x_wconf 89' lang='lat' dir='ltr'>simulque</span> <span class='ocrx_word' id='word_1_209' title='bbox 962 2962 1063 3043; x_wconf 86' lang='lat' dir='ltr'>addo,</span> <span class='ocrx_word' id='word_1_210' title='bbox 1093 2983 1145 3028; x_wconf 91' lang='lat' dir='ltr'>me</span> <span class='ocrx_word' id='word_1_211' title='bbox 1167 2983 1220 3027; x_wconf 94' lang='lat' dir='ltr'>no-</span> 
     </span>
     <span class='ocr_line' id='line_1_27' title="bbox 97 3059 1220 3144; baseline -0.001 -15"><span class='ocrx_word' id='word_1_212' title='bbox 97 3065 221 3129; x_wconf 82' lang='lat' dir='ltr'>tionem</span> <span class='ocrx_word' id='word_1_213' title='bbox 243 3061 330 3124; x_wconf 91' lang='lat' dir='ltr'>illius</span> <span class='ocrx_word' id='word_1_214' title='bbox 352 3059 490 3124; x_wconf 90' lang='lat' dir='ltr'>nominis</span> <span class='ocrx_word' id='word_1_215' title='bbox 512 3060 748 3141; x_wconf 80' lang='lat' dir='ltr'>angustioribus</span> <span class='ocrx_word' id='word_1_216' title='bbox 777 3081 871 3142; x_wconf 90' lang='lat' dir='ltr'>quam</span> <span class='ocrx_word' id='word_1_217' title='bbox 893 3061 989 3144; x_wconf 81' lang='lat' dir='ltr'>vulgo</span> <span class='ocrx_word' id='word_1_218' title='bbox 1011 3059 1045 3125; x_wconf 89' lang='lat' dir='ltr'>fit</span> <span class='ocrx_word' id='word_1_219' title='bbox 1067 3061 1220 3128; x_wconf 90' lang='lat' dir='ltr'>limitibus</span> 
     </span>
     <span class='ocr_line' id='line_1_28' title="bbox 99 3155 1218 3243; baseline -0.002 -17"><span class='ocrx_word' id='word_1_220' title='bbox 99 3159 243 3227; x_wconf 82' lang='lat' dir='ltr'>definire.</span> <span class='ocrx_word' id='word_1_221' title='bbox 287 3157 360 3222; x_wconf 89' lang='lat' dir='ltr'>Jam</span> <span class='ocrx_word' id='word_1_222' title='bbox 384 3156 575 3222; x_wconf 85' lang='lat' dir='ltr'>Kuehnorus</span> <span class='ocrx_word' id='word_1_223' title='bbox 591 3155 746 3240; x_wconf 76' lang='lat' dir='ltr'>(Gramm.</span> <span class='ocrx_word' id='word_1_224' title='bbox 763 3159 859 3241; x_wconf 90' lang='lat' dir='ltr'>ampl.</span> <span class='ocrx_word' id='word_1_225' title='bbox 876 3157 926 3223; x_wconf 85' lang='lat' dir='ltr'>cd.</span> <span class='ocrx_word' id='word_1_226' title='bbox 942 3175 1046 3223; x_wconf 83' lang='lat' dir='ltr'>novae</span> <span class='ocrx_word' id='word_1_227' title='bbox 1062 3163 1079 3234; x_wconf 63' lang='grc' dir='ltr'><strong>ξ</strong></span> <span class='ocrx_word' id='word_1_228' title='bbox 1097 3163 1168 3240; x_wconf 83' lang='grc'><strong>475,</strong></span> <span class='ocrx_word' id='word_1_229' title='bbox 1185 3157 1218 3243; x_wconf 88' lang='grc'>3)</span> 
     </span>
     <span class='ocr_line' id='line_1_29' title="bbox 99 3253 1224 3337; baseline -0.004 -13"><span class='ocrx_word' id='word_1_230' title='bbox 99 3259 196 3324; x_wconf 85' lang='lat' dir='ltr'>docet</span> <span class='ocrx_word' id='word_1_231' title='bbox 219 3253 479 3336; x_wconf 80' lang='lat' dir='ltr'>distinguendam</span> <span class='ocrx_word' id='word_1_232' title='bbox 502 3273 572 3320; x_wconf 89' lang='lat' dir='ltr'>esse</span> <span class='ocrx_word' id='word_1_233' title='bbox 587 3253 666 3320; x_wconf 61' lang='lat' dir='ltr'>‘eam</span> <span class='ocrx_word' id='word_1_234' title='bbox 688 3275 770 3337; x_wconf 87' lang='lat' dir='ltr'>quae</span> <span class='ocrx_word' id='word_1_235' title='bbox 791 3274 866 3321; x_wconf 86' lang='lat' dir='ltr'>vere</span> <span class='ocrx_word' id='word_1_236' title='bbox 888 3255 1061 3321; x_wconf 89' lang='lat' dir='ltr'>accusativi</span> <span class='ocrx_word' id='word_1_237' title='bbox 1084 3275 1153 3320; x_wconf 88' lang='lat' dir='ltr'>cum</span> <span class='ocrx_word' id='word_1_238' title='bbox 1174 3257 1224 3320; x_wconf 65' lang='lat' dir='ltr'>in:</span> 
     </span>
     <span class='ocr_line' id='line_1_30' title="bbox 99 3350 1221 3436; baseline -0.004 -16"><span class='ocrx_word' id='word_1_239' title='bbox 99 3355 223 3420; x_wconf 82' lang='lat' dir='ltr'>finitivo</span> <span class='ocrx_word' id='word_1_240' title='bbox 246 3350 437 3418; x_wconf 87' lang='lat' dir='ltr'>constructio</span> <span class='ocrx_word' id='word_1_241' title='bbox 460 3358 509 3416; x_wconf 89' lang='lat' dir='ltr'>est</span> <span class='ocrx_word' id='word_1_242' title='bbox 530 3351 570 3416; x_wconf 93' lang='lat' dir='ltr'>ab</span> <span class='ocrx_word' id='word_1_243' title='bbox 592 3351 666 3433; x_wconf 86' lang='lat' dir='ltr'>illa,</span> <span class='ocrx_word' id='word_1_244' title='bbox 690 3373 772 3436; x_wconf 88' lang='lat' dir='ltr'>quae</span> <span class='ocrx_word' id='word_1_245' title='bbox 793 3352 919 3419; x_wconf 84' lang='lat' dir='ltr'>videtur</span> <span class='ocrx_word' id='word_1_246' title='bbox 940 3369 1025 3417; x_wconf 85' lang='lat' dir='ltr'>esse:</span> <span class='ocrx_word' id='word_1_247' title='bbox 1048 3353 1141 3433; x_wconf 82' lang='lat' dir='ltr'>„Von</span> <span class='ocrx_word' id='word_1_248' title='bbox 1165 3353 1221 3420; x_wconf 88' lang='lat' dir='ltr'>der</span> 
     </span>
     <span class='ocr_line' id='line_1_31' title="bbox 100 3447 1220 3530; baseline -0.002 -12"><span class='ocrx_word' id='word_1_249' title='bbox 100 3453 290 3518; x_wconf 76' lang='lat' dir='ltr'>erwdhnten</span> <span class='ocrx_word' id='word_1_250' title='bbox 313 3448 534 3515; x_wconf 81' lang='lat' dir='ltr'>Construction</span> <span class='ocrx_word' id='word_1_251' title='bbox 563 3447 620 3514; x_wconf 86' lang='lat' dir='ltr'>des</span> <span class='ocrx_word' id='word_1_252' title='bbox 642 3449 716 3514; x_wconf 85' lang='lat' dir='ltr'>Aoo.</span> <span class='ocrx_word' id='word_1_253' title='bbox 745 3451 802 3516; x_wconf 91' lang='lat' dir='ltr'>mit</span> <span class='ocrx_word' id='word_1_254' title='bbox 824 3450 897 3515; x_wconf 90' lang='lat' dir='ltr'>dem</span> <span class='ocrx_word' id='word_1_255' title='bbox 919 3449 995 3530; x_wconf 83' lang='lat' dir='ltr'>lot,</span> <span class='ocrx_word' id='word_1_256' title='bbox 1025 3451 1059 3514; x_wconf 93' lang='lat' dir='ltr'>in</span> <span class='ocrx_word' id='word_1_257' title='bbox 1081 3450 1220 3516; x_wconf 86' lang='lat' dir='ltr'>welcher</span> 
     </span>
     <span class='ocr_line' id='line_1_32' title="bbox 101 3540 1220 3628; baseline 0.001 -14"><span class='ocrx_word' id='word_1_258' title='bbox 101 3550 160 3616; x_wconf 88' lang='lat' dir='ltr'>der</span> <span class='ocrx_word' id='word_1_259' title='bbox 182 3547 353 3614; x_wconf 77' lang='lat' dir='ltr'>Accusatio</span> <span class='ocrx_word' id='word_1_260' title='bbox 376 3547 434 3614; x_wconf 91' lang='lat' dir='ltr'>das</span> <span class='ocrx_word' id='word_1_261' title='bbox 458 3540 571 3628; x_wconf 86' lang='lat' dir='ltr'>Object</span> <span class='ocrx_word' id='word_1_262' title='bbox 593 3547 681 3612; x_wconf 87' lang='lat' dir='ltr'>eines</span> <span class='ocrx_word' id='word_1_263' title='bbox 703 3548 892 3615; x_wconf 78' lang='lat' dir='ltr'>transitiven</span> <span class='ocrx_word' id='word_1_264' title='bbox 907 3547 1008 3612; x_wconf 85' lang='lat' dir='ltr'>Vcrbs</span> <span class='ocrx_word' id='word_1_265' title='bbox 1030 3547 1132 3614; x_wconf 88' lang='lat' dir='ltr'>bildet</span> <span class='ocrx_word' id='word_1_266' title='bbox 1153 3549 1220 3614; x_wconf 93' lang='lat' dir='ltr'>und</span> 
     </span>
    </p>
   </div>
   <div class='ocr_carea' id='block_1_4' title="bbox 102 3739 1220 4131">
    <p class='ocr_par' dir='ltr' id='par_1_5' title="bbox 102 3739 1220 4131">
     <span class='ocr_line' id='line_1_33' title="bbox 172 3739 1219 3810; baseline -0.002 -14"><span class='ocrx_word' id='word_1_267' title='bbox 172 3741 192 3807; x_wconf 74' lang='lat'>²)</span> <span class='ocrx_word' id='word_1_268' title='bbox 213 3741 321 3805; x_wconf 88' lang='lat' dir='ltr'>Omnia,</span> <span class='ocrx_word' id='word_1_269' title='bbox 346 3755 415 3808; x_wconf 85' lang='lat' dir='ltr'>quae</span> <span class='ocrx_word' id='word_1_270' title='bbox 437 3739 469 3795; x_wconf 88' lang='lat' dir='ltr'>dc</span> <span class='ocrx_word' id='word_1_271' title='bbox 492 3739 544 3793; x_wconf 87' lang='lat' dir='ltr'>hac</span> <span class='ocrx_word' id='word_1_272' title='bbox 567 3740 767 3796; x_wconf 87' lang='lat' dir='ltr'>constructione</span> <span class='ocrx_word' id='word_1_273' title='bbox 791 3755 807 3794; x_wconf 91' lang='lat' dir='ltr'>a</span> <span class='ocrx_word' id='word_1_274' title='bbox 829 3739 891 3796; x_wconf 86' lang='lat' dir='ltr'>viris</span> <span class='ocrx_word' id='word_1_275' title='bbox 915 3739 1000 3794; x_wconf 87' lang='lat' dir='ltr'>doctis</span> <span class='ocrx_word' id='word_1_276' title='bbox 1024 3740 1130 3810; x_wconf 88' lang='lat' dir='ltr'>prolata</span> <span class='ocrx_word' id='word_1_277' title='bbox 1148 3745 1219 3804; x_wconf 87' lang='lat' dir='ltr'>sunt,</span> 
     </span>
     <span class='ocr_line' id='line_1_34' title="bbox 102 3819 1219 3890; baseline 0.001 -16"><span class='ocrx_word' id='word_1_278' title='bbox 102 3837 157 3875; x_wconf 87' lang='lat' dir='ltr'>una</span> <span class='ocrx_word' id='word_1_279' title='bbox 176 3838 237 3876; x_wconf 88' lang='lat' dir='ltr'>oum</span> <span class='ocrx_word' id='word_1_280' title='bbox 255 3821 382 3890; x_wconf 85' lang='lat' dir='ltr'>exemplis</span> <span class='ocrx_word' id='word_1_281' title='bbox 391 3819 539 3875; x_wconf 87' lang='lat' dir='ltr'>Homericis</span> <span class='ocrx_word' id='word_1_282' title='bbox 558 3821 776 3876; x_wconf 78' lang='lat' dir='ltr'>examinaverunt</span> <span class='ocrx_word' id='word_1_283' title='bbox 794 3826 820 3874; x_wconf 86' lang='lat' dir='ltr'>et</span> <span class='ocrx_word' id='word_1_284' title='bbox 837 3819 865 3874; x_wconf 91' lang='lat' dir='ltr'>in</span> <span class='ocrx_word' id='word_1_285' title='bbox 882 3837 965 3874; x_wconf 90' lang='lat' dir='ltr'>unum</span> <span class='ocrx_word' id='word_1_286' title='bbox 980 3820 1219 3890; x_wconf 83' lang='lat' dir='ltr'>locumcongesse-</span> 
     </span>
     <span class='ocr_line' id='line_1_35' title="bbox 105 3899 1220 3970; baseline 0 -16"><span class='ocrx_word' id='word_1_287' title='bbox 105 3907 169 3956; x_wconf 86' lang='lat' dir='ltr'>runt</span> <span class='ocrx_word' id='word_1_288' title='bbox 190 3901 302 3956; x_wconf 83' lang='lat' dir='ltr'>Carolus</span> <span class='ocrx_word' id='word_1_289' title='bbox 326 3901 456 3955; x_wconf 89' lang='lat' dir='ltr'>Albrecht</span> <span class='ocrx_word' id='word_1_290' title='bbox 478 3900 519 3954; x_wconf 86' lang='lat' dir='ltr'>Dc</span> <span class='ocrx_word' id='word_1_291' title='bbox 542 3901 690 3956; x_wconf 83' lang='lat' dir='ltr'>accusativi</span> <span class='ocrx_word' id='word_1_292' title='bbox 714 3918 736 3956; x_wconf 90' lang='lat' dir='ltr'>c.</span> <span class='ocrx_word' id='word_1_293' title='bbox 761 3899 808 3954; x_wconf 88' lang='lat' dir='ltr'>inf.</span> <span class='ocrx_word' id='word_1_294' title='bbox 832 3901 969 3968; x_wconf 70' lang='lat' dir='ltr'>conpuncti</span> <span class='ocrx_word' id='word_1_295' title='bbox 991 3901 1092 3970; x_wconf 86' lang='lat' dir='ltr'>origine</span> <span class='ocrx_word' id='word_1_296' title='bbox 1117 3907 1143 3955; x_wconf 88' lang='lat' dir='ltr'>ct</span> <span class='ocrx_word' id='word_1_297' title='bbox 1169 3917 1220 3955; x_wconf 89' lang='lat' dir='ltr'>usu</span> 
     </span>
     <span class='ocr_line' id='line_1_36' title="bbox 103 3980 1219 4052; baseline -0.001 -19"><span class='ocrx_word' id='word_1_298' title='bbox 103 3980 246 4038; x_wconf 87' lang='lat' dir='ltr'>Homerico</span> <span class='ocrx_word' id='word_1_299' title='bbox 271 3981 347 4036; x_wconf 87' lang='lat' dir='ltr'>Stud.</span> <span class='ocrx_word' id='word_1_300' title='bbox 364 3981 424 4036; x_wconf 88' lang='lat' dir='ltr'>Vol.</span> <span class='ocrx_word' id='word_1_301' title='bbox 442 3981 479 4035; x_wconf 82' lang='lat' dir='ltr'>IV</span> <span class='ocrx_word' id='word_1_302' title='bbox 508 3989 534 4036; x_wconf 91' lang='lat' dir='ltr'>et</span> <span class='ocrx_word' id='word_1_303' title='bbox 556 3981 664 4036; x_wconf 89' lang='lat' dir='ltr'>Curtius</span> <span class='ocrx_word' id='word_1_304' title='bbox 689 3981 819 4036; x_wconf 78' lang='lat' dir='ltr'>Hernicus</span> <span class='ocrx_word' id='word_1_305' title='bbox 842 3981 979 4036; x_wconf 83' lang='lat' dir='ltr'>Fleischer</span> <span class='ocrx_word' id='word_1_306' title='bbox 1002 3981 1043 4036; x_wconf 90' lang='lat' dir='ltr'>Dc</span> <span class='ocrx_word' id='word_1_307' title='bbox 1068 3980 1219 4052; x_wconf 87' lang='lat' dir='ltr'>primordiis</span> 
     </span>
     <span class='ocr_line' id='line_1_37' title="bbox 105 4060 1127 4131; baseline 0.001 -17"><span class='ocrx_word' id='word_1_308' title='bbox 105 4064 192 4127; x_wconf 86' lang='lat' dir='ltr'>graeci</span> <span class='ocrx_word' id='word_1_309' title='bbox 209 4063 355 4118; x_wconf 72' lang='lat' dir='ltr'>accusativi</span> <span class='ocrx_word' id='word_1_310' title='bbox 373 4079 395 4116; x_wconf 90' lang='lat' dir='ltr'>c.</span> <span class='ocrx_word' id='word_1_311' title='bbox 412 4062 460 4116; x_wconf 83' lang='lat' dir='ltr'>ini.</span> <span class='ocrx_word' id='word_1_312' title='bbox 479 4078 510 4117; x_wconf 90' lang='lat' dir='ltr'>ac</span> <span class='ocrx_word' id='word_1_313' title='bbox 529 4062 658 4131; x_wconf 85' lang='lat' dir='ltr'>peculiari</span> <span class='ocrx_word' id='word_1_314' title='bbox 675 4062 734 4130; x_wconf 88' lang='lat' dir='ltr'>ejus</span> <span class='ocrx_word' id='word_1_315' title='bbox 753 4077 804 4116; x_wconf 89' lang='lat' dir='ltr'>usu</span> <span class='ocrx_word' id='word_1_316' title='bbox 820 4060 962 4116; x_wconf 87' lang='lat' dir='ltr'>Homerico</span> <span class='ocrx_word' id='word_1_317' title='bbox 981 4062 1022 4129; x_wconf 84' lang='lat' dir='ltr'>(L.</span> <span class='ocrx_word' id='word_1_318' title='bbox 1044 4067 1127 4128; x_wconf 72' lang='lat'>1870).</span> 
     </span>
    </p>
   </div>
   <div class='ocr_carea' id='block_1_5' title="bbox 0 0 1530 4932">
    <p class='ocr_par' dir='ltr' id='par_1_6' title="bbox 0 0 1530 4932">
     <span class='ocr_line' id='line_1_38' title="bbox 0 0 1530 4932; baseline 0 0"><span class='ocrx_word' id='word_1_319' title='bbox 0 0 1530 4932; x_wconf 95' lang='lat' dir='ltr'> </span> 
     </span>
    </p>
   </div>
  </div>
 </body>
</html>
