3050 4932
844 455 891 517 28

303 629 354 710 οῖς
378 632 567 716 διέβαλλεν,
599 623 802 717 ἢιάνανιία
831 629 937 697 εἰπών
967 627 1098 718 ψευδὴς
1126 628 1348 717 φανήσεσθαι
1376 633 1429 698 in-

301 731 442 800 finitivus
463 731 558 796 futuri
580 750 662 810 non,
685 730 776 796 sicuti
798 729 917 813 λέγειν,
940 750 981 796 ex
1002 725 1303 814 ἀναγκασθήσεται
1324 731 1428 797 verbo

258 869 262 878 ι
300 830 431 916 pendet,
446 828 514 909 sed,
529 827 687 910 neglecta,
703 834 738 892 ut
752 848 818 892 nou
831 847 904 893 raro
919 827 963 910 iit,
979 826 1194 893 concinnitate
1208 827 1426 894 membrorum

302 928 353 998 ici.
375 927 531 1010 Kruegeri
555 934 587 992 ei
601 925 762 1011 Popponis
784 925 1011 991 annotationes
1033 923 1075 990 ad
1099 924 1152 1007 VI,
1169 927 1221 1008 24,
1240 929 1279 1008 i),
1302 926 1345 991 ab
1368 923 1425 992 ὅτι

302 1025 459 1111 particula
481 1024 616 1108 ocriptor
637 1023 679 1088 ad
700 1021 848 1088 infinitivi
871 1029 1061 1098 structuram
1083 1029 1302 1105 transgressus
1325 1031 1382 1091 est.

1502 2363 1503 2420 i

449 1260 481 1348 5)
505 1264 638 1324 VERBA
660 1263 902 1322 IMPEDIENDI
924 1263 1004 1324 VEL
1025 1263 1285 1326 PROHIBENDI.

387 1413 476 1494 Quae
499 1425 569 1480 c'um
591 1411 672 1478 nihii
695 1413 783 1500 aliud
806 1413 870 1478 sint
891 1413 952 1479 nisi
975 1415 1073 1480 verba
1088 1414 1245 1482 efficiendi
1261 1417 1423 1500 negativa,

301 1512 343 1578 ab
365 1513 405 1578 iis
427 1511 532 1576 dirimi
553 1531 619 1576 non
641 1517 785 1594 possunt.
830 1510 932 1589 Quam
955 1532 1030 1577 vcro
1053 1521 1122 1580 arte
1141 1533 1213 1580 eum
1228 1514 1293 1579 iliis
1308 1515 1424 1580 cohae-

301 1617 403 1691 reant,
426 1629 468 1676 ex
489 1629 526 1675 eo
548 1608 652 1689 vides,
677 1607 958 1692 quod-infinitivis,
982 1611 1035 1692 qui
1056 1631 1077 1676 a
1098 1611 1204 1678 vorbis
1225 1611 1424 1696 impediendi

301 1708 369 1792 apti
391 1713 475 1788 sunt,
498 1707 686 1789 plerumque
707 1705 751 1792 μὴ
776 1707 946 1789 particula'
955 1707 1119 1792 adjicitur:
1142 1709 1243 1774 Thuc.
1259 1710 1319 1787 ΙΙΙ,
1335 1713 1385 1793 49,
1403 1713 1422 1774 3

302 1803 485 1871 διεκώλυσε
518 1801 563 1890 μὴ
598 1802 850 1890 διαφθαρῆναι,
894 1825 958 1888 qua
988 1807 1040 1872 uis
1077 1805 1233 1872 efficiendi
1262 1808 1363 1890 plana
1391 1815 1423 1874 et

300 1921 454 1987 perquam
488 1900 621 1968 evidens
652 1901 696 1982 fit,
728 1902 917 1984 praesertim
950 1904 1073 1986 quoties
1104 1902 1283 1980 infinitivus,
1309 1926 1423 1990 epexe-

300 2001 424 2084 geticus
452 2000 486 2064 in
517 2017 608 2062 usum
630 2007 762 2064 vocatur
784 1999 855 2081 (III,
879 2005 914 2081 6,
938 2003 957 2062 2
987 2001 1043 2064 καὶ
1071 2007 1131 2087 τῆς
1159 1999 1340 2090 θαλάσσης
1361 2005 1422 2084 μὲν

302 2093 413 2182 εἶργον
442 2094 486 2181 μὴ
510 2099 664 2181 χρῆσθαι
685 2093 764 2172 τούς
788 2097 1051 2183 Μυτιληναίους)
1079 2100 1133 2165 vel
1156 2095 1238 2176 ὥςτε
1261 2101 1419 2185 particula

300 2195 489 2262 infinitivum
505 2192 671 2276 praeoedIt
685 2194 735 2276 (V,
751 2197 831 2276 49,1
857 2194 1131 2277 Λακεδαιμόνιοι
1153 2203 1212 2261 τοῦ
1236 2197 1328 2282 ἱεροῦ
1350 2194 1416 2263 ύπδ

298 2291 436 2360 Ἠλείων
469 2290 655 2378 εἴρχθησαν
689 2287 772 2368 rigae
805 2290 850 2378 μὴ
884 2291 1038 2379 &ciccum
1089 2295 1181 2360 Duae
1211 2295 1308 2382 igItur·
1340 2297 1421 2379 togi-

301 2395 438 2458 tationee
466 2391 500 2454 in
529 2391 622 2456 unius
651 2391 878 2456 enuntiationis
907 2411 1020 2476 corpus
1049 2393 1138 2474 quasi
1168 2393 1364 2476 coaluerunt,
1386 2393 1418 2458 id

302 2490 386 2572 quod
423 2485 553 2552 Graecis
595 2487 837 2552 usitatissimum
880 2488 977 2554 inisse
1019 2490 1102 2555 inter
1138 2509 1249 2556 omnes
1285 2499 1417 2558 constat.

301 2589 533 2652 Enumeremus
557 2585 706 2668 exempla
727 2583 948 2668 Thucydideo.

386 2677 623 2760 ἀπέσχοντο
646 2677 729 2758 ιύςνε
751 2680 795 2765 μὴ
819 2680 996 2765 ἐμβάλλειν
1018 2684 1044 2766 Ι,
1068 2687 1118 2767 49,
1141 2689 1169 2750 6.
1193 2683 1237 2772 μὴ
1263 2695 1419 2771 auocari·

189 2765 191 2769 ’
300 2780 543 2863 mama

385 2873 455 2942 ύνέ
462 2900 515 2957 χω
538 2875 583 2962 μὴ
608 2871 669 2941 ὑπ’
694 2871 814 2952 αύτούς
838 2869 925 2940 εἶναι
948 2877 1003 2958 VI,
1028 2881 1078 2959 86,
1101 2881 1129 2943 3.

386 2974 479 3056 ἐ’χω,
503 2979 740 3055 κατέχομαι.
777 2973 802 3055 Ι,
828 2977 877 3056 73,
902 2979 930 3041 3.
954 2976 979 3058 Ι,
1005 2981 1054 3057 17,
1078 2979 1097 3039 2
1120 2983 1258 3060 (praee).

388 3070 517 3154 διαμύ
524 3096 569 3153 χο
577 3095 651 3153 μαι
672 3071 716 3156 μὴ
741 3079 949 3156 μεναχνιῦναι
964 3073 1049 3160 μηδὲ
1067 3068 1228 3158 ἁμαρτεῖν
1244 3076 1304 3159 ΙΙΙ,
1321 3081 1371 3160 40,
1390 3084 1415 3143 1.

387 3168 543 3250 κωλύω,
568 3167 742 3234 διακωλύω
766 3176 798 3234 ei
820 3189 901 3251 quae
923 3178 996 3236 suut
1017 3171 1144 3237 similia.
1188 3171 1281 3238 infin.
1297 3196 1414 3258 praee:

300 3269 389 3350 VIII,
407 3272 457 3348 79,
475 3271 503 3331 2.
520 3269 544 3350 Ι,
562 3271 611 3348 27,
628 3270 657 3332 2.
677 3270 745 3348 142,
765 3271 793 3332 2.
810 3267 864 3348 VI,
886 3271 932 3349 18,
953 3274 977 3332 i.
1001 3272 1050 3352 88,
1071 3276 1117 3334 it.
1134 3273 1184 3352 98,
1202 3275 1221 3333 4
1238 3272 1321 3350 (bisi.
1345 3274 1413 3357 VII,

303 3371 351 3448 47,
369 3370 398 3430 3.
422 3368 472 3447 27,
497 3369 525 3429 3.
550 3369 600 3448 36,
625 3371 643 3429 5
666 3359 750 3440 ὥςτε
773 3364 817 3450 με)
841 3366 1031 3448 περιπλεῖν.
1055 3367 1143 3450 VIII,
1166 3362 1216 3449 86,
1241 3375 1270 3433 4.
1299 3370 1414 3436 infinit.

300 3464 424 3530 coristi:
448 3463 503 3544 IV,
527 3467 578 3545 79,
605 3467 632 3528 i.
656 3465 705 3543 87,
730 3465 759 3526 2.
783 3463 837 3545 VI,
863 3466 912 3545 89,
937 3467 965 3527 2.
989 3467 1039 3547 83,
1056 3469 1084 3530 3.
1109 3463 1181 3546 VII,
1199 3468 1249 3548 32,
1269 3471 1295 3531 i.
1319 3472 1369 3551 42,
1386 3475 1413 3533 5.

300 3565 351 3644 79,
374 3566 403 3627 7.
427 3561 516 3644 VIII,
540 3565 590 3626 88.

387 3657 519 3744 εἴρχω.
563 3659 594 3741 Ι,
619 3662 669 3740 62,
700 3662 729 3724 2.
762 3657 822 3740 ΙΙΙ,
847 3661 875 3742 6,
900 3662 928 3724 2.
959 3661 1017 3742 ΙΙΙ,
1044 3664 1058 3722 i
1083 3656 1188 3745 τὸμὴ
1212 3695 1253 3705 -
1277 3685 1416 3747 κακουρ-

300 3767 380 3840 χεῖν.
405 3756 442 3837 V,
460 3761 510 3841 49,
530 3763 543 3821 i
569 3753 650 3834 ὥςτε
666 3755 711 3844 μὴ
729 3753 828 3821 θύειν
843 3752 926 3842 μηδ’
951 3753 1187 3840 ἀγωνίζεσθαι.
1211 3756 1414 3845 Infinitivum,

299 3873 375 3936 uon,
397 3859 432 3918 ut
454 3857 525 3918 vuit
546 3855 726 3938 Bekirerus,
749 3854 950 3940 participium
974 3873 1044 3920 esse
1065 3853 1238 3937 legendum
1261 3857 1316 3941 VI,
1342 3864 1355 3923 i
1381 3857 1415 3926 ἐν

299 3995 501 4010 ——........

370 4071 389 4133 ⁸)
408 4065 442 4121 cf.
459 4062 569 4131 Madvig
586 4063 602 4119 l.
619 4063 637 4119 i.
655 4079 715 4133 pag.
734 4069 843 4120 ite-66.
862 4063 997 4132 Kuehner‚
1015 4064 1091 4121 Ausi.
1111 4066 1158 4122 Gr.
1179 4069 1195 4136 ξ
1214 4071 1271 4122 oio.
