3050 4932
576 427 686 486 «11

95 624 258 686 evasura,
296 609 362 668 tum
399 612 671 687 momentaneam,
708 614 775 674 tum
811 607 979 672 durantem
1015 607 1068 674 vel
1097 608 1225 691 saepius

95 702 282 786 repetitam.
306 699 485 768 infinitivus
506 701 611 785 futuri,
635 704 688 786 qui
711 711 745 770 ut
766 705 958 771 indicativus
979 706 1116 790 tempori
1138 713 1224 772 eerto

96 800 275 868 adstrictus
303 804 366 878 est,
399 799 432 862 in
450 800 633 866 aeousativo
663 821 734 870 oum
756 802 812 868 inl.
834 803 938 868 loeum
961 802 1068 885 habet,
1091 804 1126 870 in
1147 803 1225 870 sirn-

97 898 197 982 plieis
224 895 374 962 infinitivi
401 904 559 964 struatura
597 897 672 964 terri
708 899 828 982 nequit.
880 901 964 966 Nam
997 901 1136 984 simplex
1172 899 1225 966 in-

97 995 259 1076 finitivus,
288 1013 360 1058 eum
388 1001 535 1060 naturam
564 997 757 1062 substantivi
778 997 919 1064 verbalis
947 1004 1067 1080 servet,
1104 997 1225 1064 nudam

97 1093 193 1158 verbi
220 1091 384 1158 notionem
413 1094 576 1176 exprimit,
606 1095 675 1160 sive
703 1095 912 1178 propositum,
935 1115 997 1178 quo
1019 1095 1089 1178 quis
1112 1096 1224 1180 tendit,

96 1191 240 1270 indicat,
270 1189 339 1255 sive
368 1189 503 1272 subjeoti
532 1198 587 1256 aut
615 1211 708 1258 nasus
737 1193 857 1276 obliqui
885 1193 990 1257 loeum
1012 1198 1101 1260 tenet
1131 1191 1225 1278 (βού-

97 1289 204 1370 λομαι
232 1298 362 1368 ποιεῖν,
398 1281 561 1352 ἀδύνατον
590 1291 811 1376 πολεμῆσαι),
840 1290 882 1356 ab
906 1289 993 1354 omni
1013 1295 1121 1358 aulem
1143 1299 1225 1357 tem-

99 1407 215 1470 porum
244 1385 468 1452 consecutione
491 1384 700 1470 significanda
721 1408 850 1471 prorsus
873 1387 998 1453 alienus
1020 1394 1076 1454 est.
1111 1390 1223 1472 ltaque

98 1490 136 1548 ut
176 1483 225 1570 in¹
249 1483 455 1574 substantivis
491 1484 675 1551 verbalibus
708 1485 872 1551 verbalem
906 1485 1045 1567 aliquam
1080 1486 1145 1550 vim
1178 1489 1224 1554 in-

99 1600 174 1647 esse
195 1579 434 1647 eoneedendum
456 1588 520 1663 est,
550 1583 701 1666 temporis
723 1584 846 1649 notatio
869 1581 1034 1665 neganda3
1056 1582 1103 1648 ita
1124 1585 1158 1648 in
1178 1583 1225 1648 in-

99 1677 250 1760 finitivis,
281 1678 334 1760 qui
361 1678 426 1744 illis
454 1679 662 1746 substantivis
692 1681 819 1762 eognati
847 1687 936 1761 sunt,
965 1681 1046 1744 nibil
1068 1680 1223 1762 invenies,

100 1797 166 1859 quo
195 1783 298 1842 eertus
326 1775 479 1858 temporis
506 1775 625 1859 gradus
654 1776 856 1860 significetur.
900 1779 938 1842 In
967 1778 1149 1844 aoeusativo
1171 1780 1225 1844 vel

99 1874 299 1939 nominativo
328 1893 399 1938 eum
427 1873 482 1938 inf.
513 1880 624 1938 eontra
651 1874 789 1940 futurum
812 1876 1026 1941 necessarium
1048 1895 1139 1957 esse,
1169 1877 1224 1942 ubi

99 1991 155 2038 res
192 1971 298 2034 futura
336 1978 498 2051 narratur,
535 1991 629 2037 nemo
668 1981 716 2038 est
755 1973 831 2056 quin
869 1972 992 2038 videat:
1030 1971 1224 2054 ἐλπίζοντες

102 2067 230 2156 ῥᾳδίως
253 2065 406 2154 αἱρήσειν
430 2070 539 2145 (Tbue.
564 2069 616 2151 IV,
641 2073 669 2150 8,
694 2070 738 2156 3).

189 2165 312 2231 Eodem
341 2162 499 2231 moderin
527 2168 686 2250 particula
713 2168 871 2234 infinitivo
894 2168 1007 2234 addita
1029 2169 1223 2252 explieanda

102 2271 168 2347 est;
191 2282 266 2328 nam
287 2263 367 2328 haee
390 2283 515 2346 quoque
537 2263 685 2330 infinitivi
700 2272 857 2331 structura
872 2266 989 2347 ubique
1006 2273 1054 2332 est
1070 2269 1223 2334 orationis

102 2361 264 2443 obliquae.
317 2360 386 2440 Qua
423 2360 463 2426 de
491 2381 526 2425 re
554 2362 647 2427 aliter
676 2361 793 2428 sentire
822 2361 1020 2444 Herbstium,
1050 2365 1153 2432 virum
1184 2365 1223 2432 de

101 2457 294 2542 Thucydide
325 2457 516 2542 explicando
546 2459 664 2542 optime
691 2460 852 2538 meritum,
886 2460 974 2524 haud
1001 2460 1129 2544 ignore,
1165 2462 1250 2528 sed

40 2589 41 2592 ¹
102 2576 294 2640 quamquam
318 2555 386 2638 ejus
405 2554 561 2638 judioium
584 2557 750 2640 permagni
772 2557 922 2638 aestimo,
945 2565 1053 2623 tamen
1076 2561 1225 2626 assentiri

103 2655 133 2720 ei
162 2673 227 2718 non
255 2673 394 2737 possum.
438 2653 635 2740 Herbstius³)
665 2656 817 2721 aoristum
845 2675 915 2720 oum
946 2652 985 2720 ἄν
1008 2658 1123 2723 vooula
1151 2678 1225 2724 oon-

103 2751 259 2818 sooiatum
273 2756 388 2816 traotat
404 2770 521 2833 eosque
536 2753 735 2834 potissimum
748 2753 835 2818 loeos
847 2755 1056 2836 persequitur,
1073 2755 1127 2820 ubi
1142 2756 1223 2822 haee

102 2854 264 2914 struetura
286 2868 351 2914 una
374 2868 444 2914 eum
466 2849 603 2932 simplioi
625 2850 729 2915 futuro
752 2850 897 2932 occurrit,
921 2859 955 2916 ut
977 2852 1076 2916 Tbue.
1099 2853 1124 2933 l,
1152 2857 1221 2934 127,

103 2946 152 3026 ΙΙ,
189 2950 244 3027 64,
279 2947 360 3011 alios
394 2945 551 3028 ejusmodi
584 2948 681 3012 looos.
734 2947 855 3025 Quibus
890 2948 1097 3030 examinatis,
1140 2949 1223 3014 bane

44 3045 49 3056 '
103 3044 329 3127 disputationis
357 3063 512 3109 summam
539 3045 703 3127 proponit:
739 3043 770 3126 l)
798 3044 950 3112 aoristum
980 3066 1050 3112 oum
1073 3042 1113 3110 ἄν
1136 3047 1224 3113 baud

103 3141 209 3206 minus
242 3161 337 3225 quam
366 3141 470 3224 ipsum
498 3142 635 3206 futurum
664 3140 808 3206 indioare
836 3162 904 3207 rem
933 3143 1085 3226 iuturam3
1112 3135 1148 3227 ’2)
1171 3147 1224 3227 qui
1320 3150 1322 3158 “

103 3239 285 3322 ineorrupte
307 3245 403 3320 atque
425 3240 549 3320 integre
566 3239 699 3322 judieet,
724 3239 753 3303 ei
776 3240 1016 3306 eoncedendum
1039 3261 1119 3323 esse,
1143 3243 1223 3308 nibil

105 3335 301 3402 eondieionis
324 3337 553 3419 sumptionisve
576 3332 615 3402 ab
638 3338 795 3419 particula
810 3337 997 3421 signifieari;
1021 3336 1054 3422 3)
1070 3341 1223 3406 aoristum

105 3453 177 3498 oum
200 3431 241 3500 ἄν
265 3441 410 3516 spectare
432 3434 562 3498 adrem
586 3435 685 3500 semel
708 3442 904 3516 eventuram,
929 3454 1011 3516 quae
1026 3435 1129 3501 futuro
1144 3421 1235 3502 tem-⁸

104 3550 181 3614 pore
193 3551 275 3600 „una
297 3531 422 3596 aetione
444 3531 618 3613 perfeetum
641 3539 672 3598 et
687 3533 867 3598 absolutum
882 3531 921 3596 iri
936 3531 1060 3612 dieitur,
1083 3534 1221 3600 futurum

107 3635 216 3694 eontra
257 3635 323 3692 tam
363 3629 506 3711 angustis
544 3628 697 3694 limitibus
718 3643 801 3695 'non
839 3620 925 3696 esse
943 3630 1220 3716 oireumseriptum.

103 3725 193 3805 Quae
216 3731 249 3789 ut
271 3726 394 3810 probet,
418 3727 465 3791 vir
489 3725 599 3792 doetus
622 3729 771 3810 exempla
793 3729 895 3809 affert,
919 3728 1027 3811 qualia
1043 3736 1116 3796 sunt
1132 3731 1219 3815 apud

171 3961 193 4024 ³)
211 3959 243 4013 In
259 3959 350 4016 noem
369 3962 413 4030 qiu
430 3961 587 4016 rescribitur
604 3961 710 4028 „neser
729 3959 762 4012 a
779 3962 849 4016 serm
867 3937 955 4017 Furor
972 3963 1007 4016 rm
1024 3965 1221 4036 rnucyuruesr‘

106 4040 260 4110 (llamburg,
281 4045 355 4109 teet)
373 4059 433 4111 pag.
456 4048 561 4120 tttsqq.
1009 4063 1016 4074 ·
