3050 4932
641 459 679 522 13

90 635 135 704 ἄν
159 641 190 707 11
211 638 346 724 adjungi
368 638 479 714 [Theo.
502 639 527 720 I,
548 639 617 718 127,
634 641 663 702 2.
686 637 795 720 Into,
815 641 841 702 1.
864 638 907 718 ΙΙ,
924 641 974 716 53,
992 639 1019 702 3.
1043 637 1215 720 111,eo,2.

91 739 132 821 V,
159 741 216 822 39,
243 743 270 802 1.
301 737 373 820 VII,
397 739 454 816 61,
483 739 512 800 2.
536 735 631 818 VIII,
665 740 721 814 71,
745 739 777 824 2)
806 743 837 802 et
865 735 1042 819 simplicem
1065 737 1215 801 aoristum

92 835 192 918 addi,
221 835 311 902 nullo
340 835 444 900 futuro
472 834 687 916 praecedente
710 831 778 916 (IV,
811 837 859 917 13,
892 839 918 898 1.
941 833 997 915 IV,
1021 837 1072 915 24,
1096 836 1125 899 3.
1158 833 1215 915 IV,

92 938 148 1017 80,
175 939 201 998 1.
224 933 302 1010 VII,
325 937 376 1015 21,
400 931 446 1018 2).
488 933 602 1014 Itaque
628 933 751 1016 regula,
780 952 843 1015 qua
873 931 1040 998 Herbstius
1067 931 1217 998 infinitivi

93 1032 209 1098 aoristi
238 1039 271 1097 11
292 1029 436 1113 ejusdem
459 1029 580 1096 formae
602 1050 671 1096 curn
695 1025 736 1094 ἂν
759 1029 948 1113 conjunctae
969 1050 1061 1096 usum
1084 1029 1217 1098 definire

93 1127 220 1211 studet,
253 1129 342 1194 nullo
371 1134 464 1212 pecto
492 1127 654 1214 probatur.
697 1127 839 1205 Deinde,
869 1147 950 1210 quae
979 1127 1020 1192 de
1048 1127 1158 1194 aoristi
1186 1133 1218 1192 11

94 1228 194 1294 futuri
209 1221 393 1293 discrimine
408 1217 565 1307 disseruit,
581 1247 695 1310 parum
711 1226 790 1290 mihi
804 1225 953 1291 videntur
966 1227 1086 1291 valere.
1114 1225 1217 1292 Nemo

95 1327 184 1392 enim
198 1323 317 1390 infitias
331 1325 390 1388 ibit
403 1324 556 1389 aoristum
571 1343 648 1407 rem,
671 1331 706 1389 11
719 1344 779 1390 nos
794 1323 938 1404 dicimus,
959 1329 1218 1389 momentaneam

97 1422 233 1508 („einen
255 1423 422 1488 einzelnen
444 1422 512 1486 sich
534 1421 819 1488 abschliessonden
834 1420 926 1502 Aot“,
949 1426 985 1485 ut
998 1420 1098 1504 ipsius
1112 1422 1219 1488 verbis

96 1519 184 1605 utar)
207 1519 360 1595 indicare,
382 1519 479 1584 futuri
500 1539 593 1602 usum
614 1541 680 1585 non
701 1519 747 1584 111
768 1519 985 1585 circumcisum
1002 1537 1082 1602 esse,
1105 1517 1219 1584 sodex

97 1619 161 1683 hoc
174 1618 245 1701 ipso
259 1624 358 1701 patet,
381 1617 520 1682 futurum
536 1636 661 1699 quoque
677 1637 772 1701 posse
786 1618 944 1683 actionem
960 1622 1219 1684 momentaneam

97 1713 295 1799 significare,
316 1715 351 1779 id
373 1713 649 1797 quod'Herbstius
670 1717 741 1800 ipse
763 1715 909 1782 concedit
931 1725 1016 1797 (pag.
1043 1711 1095 1800 15)
1120 1721 1152 1780 et
1173 1715 1220 1780 in·

97 1833 196 1898 super
224 1811 381 1896 exemplis
403 1811 519 1895 probat
541 1809 630 1896 (pag.
654 1805 717 1889 20).
762 1815 879 1880 Nonne
908 1818 1016 1896 autem
1038 1813 1107 1878 veri
1128 1811 1221 1878 dissi·

97 1911 266 1976 millimum
290 1917 347 1993 est,
372 1909 521 1991 Graecos,
545 1909 598 1991 qui
620 1909 654 1974 in
676 1911 821 1976 oratione
835 1899 1110 1976 rectaindioativo
1125 1909 1221 1974 luturi

97 2029 158 2094 pro
190 2016 324 2091 utroque
356 2007 490 2072 actionis
522 2025 642 2090 genere
672 2013 850 2090 uterentur,
885 2008 939 2074 ubi
967 2006 1158 2072 infinitivum
1186 2007 1220 2072 in

98 2107 243 2172 oratione
276 2106 406 2187 obliqua
437 2113 645 2188 usurparent,
678 2107 795 2172 consto
827 2113 860 2172 et
892 2105 1050 2190 particula
1081 2100 1121 2169 ἄν
1152 2123 1220 2170 rem

97 2212 358 2271 momentaneam
380 2221 401 2266 1
423 2201 557 2267 durante
579 2203 789 2268 distinxisse?

185 2299 323 2367 Atride
345 2291 465 2382 quanto
486 2299 604 2365 rectius
626 2319 677 2365 res
698 2299 862 2382 procedat,
887 2301 915 2366 si
936 2299 1127 2364 infinitivum
1150 2319 1221 2365 oum

100 2399 141 2466 ἄν
164 2397 318 2465 sociatum
341 2417 382 2463 ex
404 2397 548 2462 oratione
568 2403 657 2462 reeta
678 2395 712 2460 in
735 2397 896 2480 obliquam
918 2397 1108 2462 translatum
1129 2418 1222 2482 posu-

100 2499 227 2565 erimus.
271 2495 310 2560 In
337 2495 438 2580 ipsius
460 2493 659 2578 Thucydidis
687 2495 778 2561 libris
799 2515 864 2560 non
886 2495 996 2561 inveni
1017 2495 1137 2576 locum,
1166 2497 1223 2562 ubi

100 2595 201 2662 verba
223 2592 359 2676 alicujus
380 2591 519 2658 hominis
541 2591 628 2676 prius
650 2611 708 2675 per
729 2593 903 2658 orationem
924 2599 1054 2674 rectam,
1076 2602 1143 2658 tum
1165 2615 1223 2678 per

102 2693 267 2775 obliquam
302 2689 497 2773 referuntu1·;
541 2689 600 2756 sed
636 2689 670 2754 in
702 2689 833 2756 Homeri
865 2691 1058 2758 carminibus
1094 2694 1223 2776 repperi

102 2791 284 2874 exemplum
317 2788 413 2871 idque
446 2806 484 2852 eo
516 2787 647 2868 majoris
679 2788 893 2870 auctoritatis,
924 2787 1010 2872 quod
1032 2790 1135 2856 omnis
1157 2790 1223 2855 alia

101 2888 279 2973 particulae
302 2881 342 2950 ἄν
376 2905 447 2950 oum
478 2883 634 2950 infinitivo
668 2885 849 2970 conjunctio
878 2887 919 2951 ab
941 2887 1072 2952 Homeri
1093 2905 1223 2952 eonsue-

104 2985 216 3052 tudine
230 2985 339 3050 aliena
354 2984 442 3059 estu
479 2982 517 3046 Il.
540 2981 599 3063 IX,
624 2985 686 3048 417
703 2983 860 3048 Homerus
876 2985 1035 3050 Achillem
1050 2984 1166 3067 legatis
1180 2985 1222 3050 ab

103 3087 345 3168 Agamemnone
366 3079 471 3145 missis
493 3079 572 3144 haee
595 3080 843 3164 respondentem
865 3081 955 3147 facit:

230 3181 288 3245 καὶ
311 3175 345 3242 d'
370 3172 410 3242 ἂν
432 3187 504 3254 ταῖς
527 3173 677 3244 ἄλλαισιν
701 3176 766 3263 ἐγώ
796 3177 1084 3263 παραμυθήσαιμι

231 3271 345 3342 οἴκαδ’
369 3270 581 3355 ἀποπλείειν,

103 3397 196 3444 versu
218 3380 280 3444 684
303 3373 432 3441 Ulixem
447 3369 583 3437 Achillis
604 3370 705 3437 verbe
726 3373 771 3440 sio
785 3374 1020 3458 Agamemnoni
1033 3373 1223 3442 referentem

103 3475 208 3560 fingit:

231 3571 289 3638 καὶ
311 3565 343 3634 δ’
368 3564 408 3633 riv
429 3576 501 3642 ταῖς
517 3562 670 3633 ἄλλαισιν
690 3566 756 3656 ἔφη
773 3566 1096 3658 παραμυθήσασθαι

233 3664 346 3734 o’t'nord'
371 3663 582 3745 ἀποπλείειν,

105 3765 158 3835 ubi
186 3787 280 3835 nemo
303 3761 343 3831 ἄν
365 3773 535 3852 propterea
557 3765 701 3832 additum
735 3785 806 3832 esse
827 3762 1006 3850 putaverit,
1029 3769 1064 3830 ut
1085 3765 1224 3831 futurum

174 3999 195 4062 ⁸)
212 3994 243 4050 ll.
261 3993 296 4059 Χ,
321 3999 368 4050 110
385 4011 431 4047 κεν
448 3989 606 4048 mutandum
633 3996 675 4047 est
699 3991 729 4046 in
745 3991 807 4058 καὶ,
834 3990 905 4060 quod
928 3989 1047 4048 restituit
1064 3991 1224 4048 Kuehnerus

108 4073 244 4132 Ansfflhrl.
265 4073 382 4131 Gremm.
401 4075 417 4142 ξ
436 4078 485 4129 411
503 4073 536 4126 A.
557 4077 579 4127 1.
