<?xml version="1.0" encoding="UTF-8"?>
<!DOCTYPE html PUBLIC "-//W3C//DTD XHTML 1.0 Transitional//EN"
    "http://www.w3.org/TR/xhtml1/DTD/xhtml1-transitional.dtd">
<html xmlns="http://www.w3.org/1999/xhtml" xml:lang="en" lang="en">
 <head>
  <title>
</title>
<meta http-equiv="Content-Type" content="text/html;charset=utf-8" />
  <meta name='ocr-system' content='tesseract 3.04.00' />
  <meta name='ocr-capabilities' content='ocr_page ocr_carea ocr_par ocr_line ocrx_word'/>
</head>
<body>
  <div class='ocr_page' id='page_1' title='image "./deinfinitivitem00forsgoog_0045.png"; bbox 0 0 3050 4932; ppageno 0'>
   <div class='ocr_carea' id='block_1_1' title="bbox 860 504 901 566">
    <p class='ocr_par' dir='ltr' id='par_1_1' title="bbox 860 504 901 566">
     <span class='ocr_line' id='line_1_1' title="bbox 860 504 901 566; baseline -0.024 0"><span class='ocrx_word' id='word_1_1' title='bbox 860 504 901 566; x_wconf 83' lang='lat'>36</span> 
     </span>
    </p>
   </div>
   <div class='ocr_carea' id='block_1_2' title="bbox 292 681 1451 4090">
    <p class='ocr_par' dir='ltr' id='par_1_2' title="bbox 292 681 1451 4090">
     <span class='ocr_line' id='line_1_2' title="bbox 317 681 1442 776; baseline -0.007 -22"><span class='ocrx_word' id='word_1_2' title='bbox 317 691 550 776; x_wconf 76' lang='lat' dir='ltr'><strong>aberraremus.</strong></span> <span class='ocrx_word' id='word_1_3' title='bbox 587 687 670 752; x_wconf 87' lang='lat' dir='ltr'>Nam</span> <span class='ocrx_word' id='word_1_4' title='bbox 693 687 719 752; x_wconf 91' lang='lat' dir='ltr'>si</span> <span class='ocrx_word' id='word_1_5' title='bbox 742 686 803 752; x_wconf 93' lang='lat' dir='ltr'>hoc</span> <span class='ocrx_word' id='word_1_6' title='bbox 825 705 922 750; x_wconf 88' lang='lat' dir='ltr'>unum</span> <span class='ocrx_word' id='word_1_7' title='bbox 938 684 1142 764; x_wconf 76' lang='lat' dir='ltr'>concesseris,</span> <span class='ocrx_word' id='word_1_8' title='bbox 1166 681 1367 765; x_wconf 87' lang='lat' dir='ltr'>infinitivum,</span> <span class='ocrx_word' id='word_1_9' title='bbox 1387 683 1442 766; x_wconf 90' lang='lat' dir='ltr'>qui</span> 
     </span>
     <span class='ocr_line' id='line_1_3' title="bbox 318 781 1446 866; baseline -0.004 -16"><span class='ocrx_word' id='word_1_10' title='bbox 318 805 337 850; x_wconf 90' lang='lat' dir='ltr'>e</span> <span class='ocrx_word' id='word_1_11' title='bbox 358 786 465 852; x_wconf 87' lang='lat' dir='ltr'>verbis</span> <span class='ocrx_word' id='word_1_12' title='bbox 479 784 689 850; x_wconf 75' lang='lat' dir='ltr'>voluntatIvis</span> <span class='ocrx_word' id='word_1_13' title='bbox 709 782 928 866; x_wconf 83' lang='lat' dir='ltr'>similibusque</span> <span class='ocrx_word' id='word_1_14' title='bbox 942 782 1092 866; x_wconf 79' lang='lat' dir='ltr'>pendeat,</span> <span class='ocrx_word' id='word_1_15' title='bbox 1115 781 1306 848; x_wconf 84' lang='lat' dir='ltr'>substantivi</span> <span class='ocrx_word' id='word_1_16' title='bbox 1328 781 1446 846; x_wconf 89' lang='lat' dir='ltr'>verba·</span> 
     </span>
     <span class='ocr_line' id='line_1_4' title="bbox 318 879 1444 966; baseline -0.004 -18"><span class='ocrx_word' id='word_1_17' title='bbox 318 886 359 950; x_wconf 84' lang='lat' dir='ltr'>lle</span> <span class='ocrx_word' id='word_1_18' title='bbox 381 890 529 950; x_wconf 88' lang='lat' dir='ltr'>naturam</span> <span class='ocrx_word' id='word_1_19' title='bbox 550 881 693 964; x_wconf 89' lang='lat' dir='ltr'>inducre,</span> <span class='ocrx_word' id='word_1_20' title='bbox 717 879 908 946; x_wconf 91' lang='lat' dir='ltr'>enuntiandi</span> <span class='ocrx_word' id='word_1_21' title='bbox 921 881 953 945; x_wconf 87' lang='lat' dir='ltr'>vi</span> <span class='ocrx_word' id='word_1_22' title='bbox 974 881 1041 946; x_wconf 87' lang='lat' dir='ltr'>lere</span> <span class='ocrx_word' id='word_1_23' title='bbox 1061 880 1188 966; x_wconf 88' lang='lat' dir='ltr'>privari,</span> <span class='ocrx_word' id='word_1_24' title='bbox 1204 880 1260 944; x_wconf 87' lang='lat' dir='ltr'>vix</span> <span class='ocrx_word' id='word_1_25' title='bbox 1275 879 1444 963; x_wconf 81' lang='lat' dir='ltr'>expedies,</span> 
     </span>
     <span class='ocr_line' id='line_1_5' title="bbox 319 977 1445 1065; baseline -0.004 -19"><span class='ocrx_word' id='word_1_26' title='bbox 319 983 374 1064; x_wconf 91' lang='lat' dir='ltr'>qui</span> <span class='ocrx_word' id='word_1_27' title='bbox 396 980 459 1060; x_wconf 91' lang='lat' dir='ltr'>fiat,</span> <span class='ocrx_word' id='word_1_28' title='bbox 483 986 517 1044; x_wconf 90' lang='lat' dir='ltr'>ut</span> <span class='ocrx_word' id='word_1_29' title='bbox 539 986 625 1044; x_wconf 88' lang='lat' dir='ltr'>certo</span> <span class='ocrx_word' id='word_1_30' title='bbox 647 981 782 1065; x_wconf 89' lang='lat' dir='ltr'>tempori</span> <span class='ocrx_word' id='word_1_31' title='bbox 804 980 1021 1062; x_wconf 83' lang='lat' dir='ltr'>adstringatur</span> <span class='ocrx_word' id='word_1_32' title='bbox 1042 986 1194 1062; x_wconf 91' lang='lat' dir='ltr'>tanquam</span> <span class='ocrx_word' id='word_1_33' title='bbox 1216 979 1351 1056; x_wconf 71' lang='lat' dir='ltr'>verluum</span> <span class='ocrx_word' id='word_1_34' title='bbox 1374 977 1445 1042; x_wconf 89' lang='lat' dir='ltr'>fini-</span> 
     </span>
     <span class='ocr_line' id='line_1_6' title="bbox 319 1077 1444 1161; baseline -0.002 -17"><span class='ocrx_word' id='word_1_35' title='bbox 319 1088 396 1144; x_wconf 92' lang='lat' dir='ltr'>tum.</span> <span class='ocrx_word' id='word_1_36' title='bbox 441 1078 545 1157; x_wconf 81' lang='lat' dir='ltr'>Quam</span> <span class='ocrx_word' id='word_1_37' title='bbox 573 1077 614 1143; x_wconf 92' lang='lat' dir='ltr'>ob</span> <span class='ocrx_word' id='word_1_38' title='bbox 641 1098 709 1143; x_wconf 87' lang='lat' dir='ltr'>rem</span> <span class='ocrx_word' id='word_1_39' title='bbox 736 1077 771 1142; x_wconf 92' lang='lat' dir='ltr'>in</span> <span class='ocrx_word' id='word_1_40' title='bbox 803 1077 876 1144; x_wconf 90' lang='lat' dir='ltr'>aliis</span> <span class='ocrx_word' id='word_1_41' title='bbox 898 1096 1023 1161; x_wconf 90' lang='lat' dir='ltr'>quoque</span> <span class='ocrx_word' id='word_1_42' title='bbox 1044 1077 1178 1159; x_wconf 82' lang='lat' dir='ltr'>linguis,</span> <span class='ocrx_word' id='word_1_43' title='bbox 1202 1096 1284 1160; x_wconf 90' lang='lat' dir='ltr'>quae</span> <span class='ocrx_word' id='word_1_44' title='bbox 1305 1095 1444 1158; x_wconf 82' lang='lat' dir='ltr'>graecae</span> 
     </span>
     <span class='ocr_line' id='line_1_7' title="bbox 320 1173 1445 1259; baseline -0.005 -16"><span class='ocrx_word' id='word_1_45' title='bbox 320 1183 396 1243; x_wconf 83' lang='lat' dir='ltr'>sunt</span> <span class='ocrx_word' id='word_1_46' title='bbox 418 1181 589 1259; x_wconf 86' lang='lat' dir='ltr'>cognatae,</span> <span class='ocrx_word' id='word_1_47' title='bbox 620 1176 734 1259; x_wconf 93' lang='lat' dir='ltr'>quibus</span> <span class='ocrx_word' id='word_1_48' title='bbox 762 1175 900 1259; x_wconf 85' lang='lat' dir='ltr'>simplex</span> <span class='ocrx_word' id='word_1_49' title='bbox 921 1173 1069 1239; x_wconf 89' lang='lat' dir='ltr'>infinitivi</span> <span class='ocrx_word' id='word_1_50' title='bbox 1091 1174 1282 1240; x_wconf 90' lang='lat' dir='ltr'>constructio</span> <span class='ocrx_word' id='word_1_51' title='bbox 1305 1195 1371 1238; x_wconf 94' lang='lat' dir='ltr'>non</span> <span class='ocrx_word' id='word_1_52' title='bbox 1396 1180 1445 1238; x_wconf 89' lang='lat' dir='ltr'>est</span> 
     </span>
     <span class='ocr_line' id='line_1_8' title="bbox 321 1263 1442 1361; baseline -0.004 -21"><span class='ocrx_word' id='word_1_53' title='bbox 321 1274 440 1361; x_wconf 80' lang='lat' dir='ltr'>aliena,</span> <span class='ocrx_word' id='word_1_54' title='bbox 462 1272 653 1338; x_wconf 82' lang='lat' dir='ltr'>infinitIvum</span> <span class='ocrx_word' id='word_1_55' title='bbox 675 1273 771 1338; x_wconf 85' lang='lat' dir='ltr'>futuri</span> <span class='ocrx_word' id='word_1_56' title='bbox 792 1263 826 1338; x_wconf 84' lang='lat' dir='ltr'>iu</span> <span class='ocrx_word' id='word_1_57' title='bbox 847 1275 911 1338; x_wconf 88' lang='lat' dir='ltr'>ista</span> <span class='ocrx_word' id='word_1_58' title='bbox 926 1277 1082 1338; x_wconf 86' lang='lat' dir='ltr'>structura</span> <span class='ocrx_word' id='word_1_59' title='bbox 1097 1293 1269 1355; x_wconf 89' lang='lat' dir='ltr'>numquam</span> <span class='ocrx_word' id='word_1_60' title='bbox 1283 1271 1442 1337; x_wconf 90' lang='lat' dir='ltr'>invenies.</span> 
     </span>
     <span class='ocr_line' id='line_1_9' title="bbox 319 1369 1444 1453; baseline -0.002 -17"><span class='ocrx_word' id='word_1_61' title='bbox 319 1371 399 1450; x_wconf 77' lang='lat' dir='ltr'>Quis</span> <span class='ocrx_word' id='word_1_62' title='bbox 421 1372 506 1438; x_wconf 90' lang='lat' dir='ltr'>enim</span> <span class='ocrx_word' id='word_1_63' title='bbox 527 1371 699 1437; x_wconf 85' lang='lat' dir='ltr'>vernacule</span> <span class='ocrx_word' id='word_1_64' title='bbox 721 1371 852 1436; x_wconf 87' lang='lat' dir='ltr'>dixerit:</span> <span class='ocrx_word' id='word_1_65' title='bbox 876 1369 947 1453; x_wconf 90' lang='lat' dir='ltr'>„ich</span> <span class='ocrx_word' id='word_1_66' title='bbox 971 1369 1037 1434; x_wconf 82' lang='lat' dir='ltr'>will</span> <span class='ocrx_word' id='word_1_67' title='bbox 1060 1370 1139 1435; x_wconf 91' lang='lat' dir='ltr'>thuu</span> <span class='ocrx_word' id='word_1_68' title='bbox 1162 1369 1341 1435; x_wconf 84' lang='lat' dir='ltr'>werden“?</span> <span class='ocrx_word' id='word_1_69' title='bbox 1370 1369 1444 1451; x_wconf 89' lang='lat' dir='ltr'>quis</span> 
     </span>
     <span class='ocr_line' id='line_1_10' title="bbox 319 1467 1444 1553; baseline -0.003 -19"><span class='ocrx_word' id='word_1_70' title='bbox 319 1469 437 1536; x_wconf 90' lang='lat' dir='ltr'>latine:</span> <span class='ocrx_word' id='word_1_71' title='bbox 459 1469 556 1553; x_wconf 92' lang='lat' dir='ltr'>„volo</span> <span class='ocrx_word' id='word_1_72' title='bbox 578 1489 630 1534; x_wconf 90' lang='lat' dir='ltr'>me</span> <span class='ocrx_word' id='word_1_73' title='bbox 651 1467 806 1534; x_wconf 83' lang='lat' dir='ltr'>facturum</span> <span class='ocrx_word' id='word_1_74' title='bbox 830 1467 946 1534; x_wconf 79' lang='lat' dir='ltr'>esse“?</span> <span class='ocrx_word' id='word_1_75' title='bbox 968 1468 1099 1534; x_wconf 87' lang='lat' dir='ltr'>Maximi</span> <span class='ocrx_word' id='word_1_76' title='bbox 1114 1488 1190 1534; x_wconf 89' lang='lat' dir='ltr'>vero</span> <span class='ocrx_word' id='word_1_77' title='bbox 1212 1467 1366 1532; x_wconf 86' lang='lat' dir='ltr'>momenti</span> <span class='ocrx_word' id='word_1_78' title='bbox 1382 1468 1444 1532; x_wconf 89' lang='lat' dir='ltr'>hac</span> 
     </span>
     <span class='ocr_line' id='line_1_11' title="bbox 320 1565 1444 1649; baseline -0.004 -17"><span class='ocrx_word' id='word_1_79' title='bbox 320 1569 355 1633; x_wconf 93' lang='lat' dir='ltr'>in</span> <span class='ocrx_word' id='word_1_80' title='bbox 377 1587 412 1634; x_wconf 89' lang='lat' dir='ltr'>re</span> <span class='ocrx_word' id='word_1_81' title='bbox 434 1573 483 1634; x_wconf 92' lang='lat' dir='ltr'>est</span> <span class='ocrx_word' id='word_1_82' title='bbox 505 1565 691 1632; x_wconf 89' lang='lat' dir='ltr'>Latinorum</span> <span class='ocrx_word' id='word_1_83' title='bbox 712 1585 788 1632; x_wconf 91' lang='lat' dir='ltr'>usus</span> <span class='ocrx_word' id='word_1_84' title='bbox 810 1565 974 1648; x_wconf 91' lang='lat' dir='ltr'>loquendi,</span> <span class='ocrx_word' id='word_1_85' title='bbox 997 1566 1115 1649; x_wconf 91' lang='lat' dir='ltr'>quippe</span> <span class='ocrx_word' id='word_1_86' title='bbox 1137 1565 1190 1648; x_wconf 89' lang='lat' dir='ltr'>qui</span> <span class='ocrx_word' id='word_1_87' title='bbox 1210 1567 1244 1630; x_wconf 93' lang='lat' dir='ltr'>in</span> <span class='ocrx_word' id='word_1_88' title='bbox 1260 1565 1444 1632; x_wconf 76' lang='lat' dir='ltr'>accusatIvo</span> 
     </span>
     <span class='ocr_line' id='line_1_12' title="bbox 320 1655 1444 1747; baseline -0.004 -16"><span class='ocrx_word' id='word_1_89' title='bbox 320 1685 392 1732; x_wconf 89' lang='lat' dir='ltr'>cum</span> <span class='ocrx_word' id='word_1_90' title='bbox 419 1663 475 1728; x_wconf 88' lang='lat' dir='ltr'>inf.</span> <span class='ocrx_word' id='word_1_91' title='bbox 503 1684 569 1729; x_wconf 89' lang='lat' dir='ltr'>non</span> <span class='ocrx_word' id='word_1_92' title='bbox 598 1670 753 1747; x_wconf 88' lang='lat' dir='ltr'>spcmuut</span> <span class='ocrx_word' id='word_1_93' title='bbox 780 1663 939 1746; x_wconf 88' lang='lat' dir='ltr'>futurum,</span> <span class='ocrx_word' id='word_1_94' title='bbox 972 1655 1006 1728; x_wconf 87' lang='lat' dir='ltr'>iu</span> <span class='ocrx_word' id='word_1_95' title='bbox 1034 1663 1172 1747; x_wconf 88' lang='lat' dir='ltr'>simplici</span> <span class='ocrx_word' id='word_1_96' title='bbox 1193 1661 1342 1728; x_wconf 89' lang='lat' dir='ltr'>infinitivi</span> <span class='ocrx_word' id='word_1_97' title='bbox 1364 1670 1444 1727; x_wconf 88' lang='lat' dir='ltr'>stru-</span> 
     </span>
     <span class='ocr_line' id='line_1_13' title="bbox 320 1761 1444 1846; baseline -0.004 -18"><span class='ocrx_word' id='word_1_98' title='bbox 320 1771 411 1828; x_wconf 89' lang='lat' dir='ltr'>ctura</span> <span class='ocrx_word' id='word_1_99' title='bbox 432 1781 562 1846; x_wconf 90' lang='lat' dir='ltr'>prorsus</span> <span class='ocrx_word' id='word_1_100' title='bbox 583 1767 747 1846; x_wconf 78' lang='lat' dir='ltr'>respuunt.</span> <span class='ocrx_word' id='word_1_101' title='bbox 783 1763 897 1844; x_wconf 89' lang='lat' dir='ltr'>Itaque</span> <span class='ocrx_word' id='word_1_102' title='bbox 918 1782 989 1827; x_wconf 93' lang='lat' dir='ltr'>cum</span> <span class='ocrx_word' id='word_1_103' title='bbox 1003 1762 1139 1827; x_wconf 91' lang='lat' dir='ltr'>latinum</span> <span class='ocrx_word' id='word_1_104' title='bbox 1155 1779 1335 1827; x_wconf 90' lang='lat' dir='ltr'>sermonem</span> <span class='ocrx_word' id='word_1_105' title='bbox 1350 1761 1444 1826; x_wconf 88' lang='lat' dir='ltr'>nobis</span> 
     </span>
     <span class='ocr_line' id='line_1_14' title="bbox 320 1858 1443 1943; baseline -0.005 -15"><span class='ocrx_word' id='word_1_106' title='bbox 320 1859 599 1928; x_wconf 88' lang='lat' dir='ltr'>considerantibus</span> <span class='ocrx_word' id='word_1_107' title='bbox 620 1865 735 1943; x_wconf 87' lang='lat' dir='ltr'>sponte</span> <span class='ocrx_word' id='word_1_108' title='bbox 756 1864 875 1943; x_wconf 89' lang='lat' dir='ltr'>pateat,</span> <span class='ocrx_word' id='word_1_109' title='bbox 898 1858 1089 1925; x_wconf 89' lang='lat' dir='ltr'>infinitivum</span> <span class='ocrx_word' id='word_1_110' title='bbox 1111 1859 1207 1925; x_wconf 84' lang='lat' dir='ltr'>futuri</span> <span class='ocrx_word' id='word_1_111' title='bbox 1223 1877 1294 1924; x_wconf 88' lang='lat' dir='ltr'>esse</span> <span class='ocrx_word' id='word_1_112' title='bbox 1308 1858 1443 1923; x_wconf 85' lang='lat' dir='ltr'>formam</span> 
     </span>
     <span class='ocr_line' id='line_1_15' title="bbox 292 1956 1444 2042; baseline -0.004 -15"><span class='ocrx_word' id='word_1_113' title='bbox 292 1995 295 2000; x_wconf 93' lang='lat'>·</span> <span class='ocrx_word' id='word_1_114' title='bbox 320 1957 560 2038; x_wconf 84' lang='lat' dir='ltr'>secundariam,</span> <span class='ocrx_word' id='word_1_115' title='bbox 591 1976 673 2040; x_wconf 89' lang='lat' dir='ltr'>quae</span> <span class='ocrx_word' id='word_1_116' title='bbox 692 1963 972 2042; x_wconf 73' lang='grc' dir='ltr'><em>περιφρασνικιῦς</em></span> <span class='ocrx_word' id='word_1_117' title='bbox 994 1956 1099 2022; x_wconf 83' lang='lat' dir='ltr'>efficta</span> <span class='ocrx_word' id='word_1_118' title='bbox 1121 1957 1176 2039; x_wconf 88' lang='lat' dir='ltr'>sit,</span> <span class='ocrx_word' id='word_1_119' title='bbox 1206 1963 1240 2020; x_wconf 91' lang='lat' dir='ltr'>ut</span> <span class='ocrx_word' id='word_1_120' title='bbox 1260 1956 1295 2020; x_wconf 91' lang='lat' dir='ltr'>in</span> <span class='ocrx_word' id='word_1_121' title='bbox 1317 1976 1444 2022; x_wconf 87' lang='lat' dir='ltr'>accusa·</span> 
     </span>
     <span class='ocr_line' id='line_1_16' title="bbox 320 2052 1443 2138; baseline 0 -18"><span class='ocrx_word' id='word_1_122' title='bbox 320 2057 387 2120; x_wconf 85' lang='lat' dir='ltr'>tIvo</span> <span class='ocrx_word' id='word_1_123' title='bbox 410 2075 437 2120; x_wconf 93' lang='lat' dir='ltr'>c.</span> <span class='ocrx_word' id='word_1_124' title='bbox 460 2053 515 2118; x_wconf 87' lang='lat' dir='ltr'>inl.</span> <span class='ocrx_word' id='word_1_125' title='bbox 536 2073 594 2136; x_wconf 91' lang='lat' dir='ltr'>pro</span> <span class='ocrx_word' id='word_1_126' title='bbox 616 2055 715 2120; x_wconf 91' lang='lat' dir='ltr'>verbo</span> <span class='ocrx_word' id='word_1_127' title='bbox 736 2052 824 2118; x_wconf 89' lang='lat' dir='ltr'>finito</span> <span class='ocrx_word' id='word_1_128' title='bbox 846 2061 1026 2138; x_wconf 87' lang='lat' dir='ltr'>poneretur,</span> <span class='ocrx_word' id='word_1_129' title='bbox 1049 2075 1101 2120; x_wconf 91' lang='lat' dir='ltr'>me</span> <span class='ocrx_word' id='word_1_130' title='bbox 1122 2075 1187 2120; x_wconf 92' lang='lat' dir='ltr'>non</span> <span class='ocrx_word' id='word_1_131' title='bbox 1202 2055 1356 2126; x_wconf 86' lang='lat' dir='ltr'>aberrare</span> <span class='ocrx_word' id='word_1_132' title='bbox 1367 2063 1443 2138; x_wconf 86' lang='lat' dir='ltr'>puto</span> 
     </span>
     <span class='ocr_line' id='line_1_17' title="bbox 321 2151 1443 2235; baseline -0.002 -15"><span class='ocrx_word' id='word_1_133' title='bbox 321 2174 343 2220; x_wconf 89' lang='lat' dir='ltr'>a</span> <span class='ocrx_word' id='word_1_134' title='bbox 374 2171 467 2233; x_wconf 88' lang='lat' dir='ltr'>vero,</span> <span class='ocrx_word' id='word_1_135' title='bbox 502 2151 529 2216; x_wconf 87' lang='lat' dir='ltr'>si</span> <span class='ocrx_word' id='word_1_136' title='bbox 561 2151 595 2216; x_wconf 90' lang='lat' dir='ltr'>in</span> <span class='ocrx_word' id='word_1_137' title='bbox 627 2170 745 2234; x_wconf 84' lang='lat' dir='ltr'>graeca</span> <span class='ocrx_word' id='word_1_138' title='bbox 773 2171 899 2234; x_wconf 89' lang='lat' dir='ltr'>quoquc</span> <span class='ocrx_word' id='word_1_139' title='bbox 925 2151 1039 2235; x_wconf 82' lang='lat' dir='ltr'>lingua</span> <span class='ocrx_word' id='word_1_140' title='bbox 1065 2151 1257 2218; x_wconf 88' lang='lat' dir='ltr'>infinitivum</span> <span class='ocrx_word' id='word_1_141' title='bbox 1286 2151 1383 2217; x_wconf 79' lang='lat' dir='ltr'>futuri</span> <span class='ocrx_word' id='word_1_142' title='bbox 1412 2154 1443 2218; x_wconf 89' lang='lat' dir='ltr'>in</span> 
     </span>
     <span class='ocr_line' id='line_1_18' title="bbox 321 2247 1443 2334; baseline -0.004 -16"><span class='ocrx_word' id='word_1_143' title='bbox 321 2251 461 2319; x_wconf 88' lang='lat' dir='ltr'>eundem</span> <span class='ocrx_word' id='word_1_144' title='bbox 484 2247 581 2314; x_wconf 88' lang='lat' dir='ltr'>finem</span> <span class='ocrx_word' id='word_1_145' title='bbox 595 2255 735 2314; x_wconf 89' lang='lat' dir='ltr'>creatum</span> <span class='ocrx_word' id='word_1_146' title='bbox 758 2268 830 2316; x_wconf 91' lang='lat' dir='ltr'>esse</span> <span class='ocrx_word' id='word_1_147' title='bbox 851 2269 976 2318; x_wconf 90' lang='lat' dir='ltr'>censeo.</span> <span class='ocrx_word' id='word_1_148' title='bbox 1006 2251 1112 2333; x_wconf 88' lang='lat' dir='ltr'>Atque</span> <span class='ocrx_word' id='word_1_149' title='bbox 1133 2247 1299 2334; x_wconf 77' lang='grc' dir='ltr'><em>βούλομαι</em></span> <span class='ocrx_word' id='word_1_150' title='bbox 1312 2251 1443 2315; x_wconf 83' lang='lat' dir='ltr'>verbum</span> 
     </span>
     <span class='ocr_line' id='line_1_19' title="bbox 322 2345 1442 2441; baseline -0.003 -26"><span class='ocrx_word' id='word_1_151' title='bbox 322 2369 395 2415; x_wconf 91' lang='lat' dir='ltr'>cum</span> <span class='ocrx_word' id='word_1_152' title='bbox 416 2345 574 2414; x_wconf 81' lang='lat' dir='ltr'>infinitIvo</span> <span class='ocrx_word' id='word_1_153' title='bbox 596 2346 693 2441; x_wconf 77' lang='lat' dir='ltr'>futuri</span> <span class='ocrx_word' id='word_1_154' title='bbox 715 2348 859 2432; x_wconf 87' lang='lat' dir='ltr'>copulari</span> <span class='ocrx_word' id='word_1_155' title='bbox 873 2347 1055 2415; x_wconf 86' lang='lat' dir='ltr'>Lobeckius</span> <span class='ocrx_word' id='word_1_156' title='bbox 1077 2349 1099 2412; x_wconf 93' lang='lat' dir='ltr'>l.</span> <span class='ocrx_word' id='word_1_157' title='bbox 1122 2347 1143 2412; x_wconf 94' lang='lat' dir='ltr'>l.</span> <span class='ocrx_word' id='word_1_158' title='bbox 1167 2367 1209 2412; x_wconf 88' lang='lat' dir='ltr'>ne</span> <span class='ocrx_word' id='word_1_159' title='bbox 1230 2369 1293 2414; x_wconf 91' lang='lat' dir='ltr'>uno</span> <span class='ocrx_word' id='word_1_160' title='bbox 1317 2348 1442 2430; x_wconf 91' lang='lat' dir='ltr'>quidem</span> 
     </span>
     <span class='ocr_line' id='line_1_20' title="bbox 323 2442 1444 2530; baseline -0.001 -18"><span class='ocrx_word' id='word_1_161' title='bbox 323 2447 473 2529; x_wconf 89' lang='lat' dir='ltr'>exemplo</span> <span class='ocrx_word' id='word_1_162' title='bbox 502 2445 639 2528; x_wconf 85' lang='lat' dir='ltr'>probare</span> <span class='ocrx_word' id='word_1_163' title='bbox 667 2452 800 2513; x_wconf 87' lang='lat' dir='ltr'>conatus</span> <span class='ocrx_word' id='word_1_164' title='bbox 830 2453 894 2530; x_wconf 74' lang='lat' dir='ltr'>est:</span> <span class='ocrx_word' id='word_1_165' title='bbox 922 2454 956 2512; x_wconf 92' lang='lat' dir='ltr'>at</span> <span class='ocrx_word' id='word_1_166' title='bbox 978 2447 1117 2512; x_wconf 78' lang='lat' dir='ltr'>Cobetus</span> <span class='ocrx_word' id='word_1_167' title='bbox 1140 2442 1267 2529; x_wconf 87' lang='lat' dir='ltr'>(Novae</span> <span class='ocrx_word' id='word_1_168' title='bbox 1291 2443 1444 2512; x_wconf 83' lang='lat' dir='ltr'>lectiones</span> 
     </span>
     <span class='ocr_line' id='line_1_21' title="bbox 323 2539 1444 2628; baseline 0.001 -21"><span class='ocrx_word' id='word_1_169' title='bbox 323 2563 397 2626; x_wconf 82' lang='lat' dir='ltr'>pag.</span> <span class='ocrx_word' id='word_1_170' title='bbox 421 2547 483 2606; x_wconf 84' lang='lat'>365</span> <span class='ocrx_word' id='word_1_171' title='bbox 512 2547 638 2606; x_wconf 86' lang='grc'>61466.</span> <span class='ocrx_word' id='word_1_172' title='bbox 661 2542 779 2608; x_wconf 88' lang='lat' dir='ltr'>Variae</span> <span class='ocrx_word' id='word_1_173' title='bbox 806 2545 960 2610; x_wconf 88' lang='lat' dir='ltr'>lectiones</span> <span class='ocrx_word' id='word_1_174' title='bbox 982 2564 1056 2628; x_wconf 84' lang='lat' dir='ltr'>pag.</span> <span class='ocrx_word' id='word_1_175' title='bbox 1079 2539 1134 2625; x_wconf 83' lang='grc'>39)</span> <span class='ocrx_word' id='word_1_176' title='bbox 1153 2541 1228 2624; x_wconf 86' lang='lat' dir='ltr'>jure</span> <span class='ocrx_word' id='word_1_177' title='bbox 1250 2545 1389 2625; x_wconf 89' lang='lat' dir='ltr'>monuit,</span> <span class='ocrx_word' id='word_1_178' title='bbox 1412 2544 1444 2608; x_wconf 90' lang='lat' dir='ltr'>in</span> 
     </span>
     <span class='ocr_line' id='line_1_22' title="bbox 323 2635 1445 2708; baseline 0.002 -4"><span class='ocrx_word' id='word_1_179' title='bbox 323 2638 452 2704; x_wconf 90' lang='lat' dir='ltr'>tantillo</span> <span class='ocrx_word' id='word_1_180' title='bbox 487 2635 653 2702; x_wconf 82' lang='lat' dir='ltr'>infinitivi·</span> <span class='ocrx_word' id='word_1_181' title='bbox 670 2639 780 2704; x_wconf 75' lang='lat' dir='ltr'>aonsti</span> <span class='ocrx_word' id='word_1_182' title='bbox 812 2647 844 2708; x_wconf 91' lang='lat' dir='ltr'>et</span> <span class='ocrx_word' id='word_1_183' title='bbox 879 2641 975 2706; x_wconf 87' lang='lat' dir='ltr'>futuri</span> <span class='ocrx_word' id='word_1_184' title='bbox 1004 2639 1186 2706; x_wconf 87' lang='lat' dir='ltr'>discrimine</span> <span class='ocrx_word' id='word_1_185' title='bbox 1214 2639 1303 2705; x_wconf 88' lang='lat' dir='ltr'>haud</span> <span class='ocrx_word' id='word_1_186' title='bbox 1332 2661 1445 2706; x_wconf 88' lang='lat' dir='ltr'>raroa</span> 
     </span>
     <span class='ocr_line' id='line_1_23' title="bbox 324 2735 1443 2821; baseline 0.002 -19"><span class='ocrx_word' id='word_1_187' title='bbox 324 2735 465 2802; x_wconf 87' lang='lat' dir='ltr'>librariis</span> <span class='ocrx_word' id='word_1_188' title='bbox 493 2739 659 2820; x_wconf 89' lang='lat' dir='ltr'>peccatum</span> <span class='ocrx_word' id='word_1_189' title='bbox 689 2755 768 2802; x_wconf 89' lang='lat' dir='ltr'>esse.</span> <span class='ocrx_word' id='word_1_190' title='bbox 823 2737 1040 2803; x_wconf 88' lang='lat' dir='ltr'>Libraricrum</span> <span class='ocrx_word' id='word_1_191' title='bbox 1068 2745 1174 2802; x_wconf 91' lang='lat' dir='ltr'>autem</span> <span class='ocrx_word' id='word_1_192' title='bbox 1202 2745 1351 2821; x_wconf 92' lang='lat' dir='ltr'>peccata,</span> <span class='ocrx_word' id='word_1_193' title='bbox 1380 2761 1443 2805; x_wconf 89' lang='lat' dir='ltr'>non</span> 
     </span>
     <span class='ocr_line' id='line_1_24' title="bbox 325 2833 1444 2917; baseline 0.001 -16"><span class='ocrx_word' id='word_1_194' title='bbox 325 2833 513 2917; x_wconf 81' lang='lat' dir='ltr'>scriptorum</span> <span class='ocrx_word' id='word_1_195' title='bbox 546 2836 752 2902; x_wconf 88' lang='lat' dir='ltr'>soloecismos</span> <span class='ocrx_word' id='word_1_196' title='bbox 791 2836 872 2901; x_wconf 90' lang='lat' dir='ltr'>haec</span> <span class='ocrx_word' id='word_1_197' title='bbox 910 2836 1015 2902; x_wconf 84' lang='lat' dir='ltr'>lutura</span> <span class='ocrx_word' id='word_1_198' title='bbox 1047 2835 1197 2900; x_wconf 89' lang='lat' dir='ltr'>habenda</span> <span class='ocrx_word' id='word_1_199' title='bbox 1230 2856 1301 2902; x_wconf 89' lang='lat' dir='ltr'>esse</span> <span class='ocrx_word' id='word_1_200' title='bbox 1334 2857 1374 2902; x_wconf 89' lang='lat' dir='ltr'>ex</span> <span class='ocrx_word' id='word_1_201' title='bbox 1409 2857 1444 2902; x_wconf 89' lang='lat' dir='ltr'>eo</span> 
     </span>
     <span class='ocr_line' id='line_1_25' title="bbox 325 2931 1446 3018; baseline 0.003 -21"><span class='ocrx_word' id='word_1_202' title='bbox 325 2932 421 2998; x_wconf 86' lang='lat' dir='ltr'>lacile</span> <span class='ocrx_word' id='word_1_203' title='bbox 443 2931 593 3015; x_wconf 84' lang='lat' dir='ltr'>colligas,</span> <span class='ocrx_word' id='word_1_204' title='bbox 624 2934 719 3018; x_wconf 91' lang='lat' dir='ltr'>quod,</span> <span class='ocrx_word' id='word_1_205' title='bbox 743 2933 798 2999; x_wconf 91' lang='lat' dir='ltr'>ubi</span> <span class='ocrx_word' id='word_1_206' title='bbox 819 2933 916 3000; x_wconf 84' lang='lat' dir='ltr'>futuri</span> <span class='ocrx_word' id='word_1_207' title='bbox 937 2935 1039 3000; x_wconf 86' lang='lat' dir='ltr'>forma</span> <span class='ocrx_word' id='word_1_208' title='bbox 1061 2933 1102 2998; x_wconf 92' lang='lat' dir='ltr'>ab</span> <span class='ocrx_word' id='word_1_209' title='bbox 1125 2934 1242 2999; x_wconf 80' lang='lat' dir='ltr'>aorIsto</span> <span class='ocrx_word' id='word_1_210' title='bbox 1265 2935 1363 3000; x_wconf 91' lang='lat' dir='ltr'>valde</span> <span class='ocrx_word' id='word_1_211' title='bbox 1384 2934 1446 3000; x_wconf 92' lang='lat' dir='ltr'>dis-</span> 
     </span>
     <span class='ocr_line' id='line_1_26' title="bbox 326 3031 1446 3116; baseline -0.001 -20"><span class='ocrx_word' id='word_1_212' title='bbox 326 3039 445 3114; x_wconf 89' lang='lat' dir='ltr'>crepat,</span> <span class='ocrx_word' id='word_1_213' title='bbox 468 3037 614 3114; x_wconf 86' lang='lat' dir='ltr'>tempcra</span> <span class='ocrx_word' id='word_1_214' title='bbox 629 3053 693 3096; x_wconf 92' lang='lat' dir='ltr'>non</span> <span class='ocrx_word' id='word_1_215' title='bbox 709 3039 937 3116; x_wconf 88' lang='lat' dir='ltr'>permutantur,</span> <span class='ocrx_word' id='word_1_216' title='bbox 960 3033 1016 3097; x_wconf 90' lang='lat' dir='ltr'>ubi</span> <span class='ocrx_word' id='word_1_217' title='bbox 1030 3031 1148 3098; x_wconf 89' lang='lat' dir='ltr'>similia</span> <span class='ocrx_word' id='word_1_218' title='bbox 1163 3039 1245 3113; x_wconf 89' lang='lat' dir='ltr'>sunt,</span> <span class='ocrx_word' id='word_1_219' title='bbox 1260 3032 1446 3098; x_wconf 89' lang='lat' dir='ltr'>miscentur:</span> 
     </span>
     <span class='ocr_line' id='line_1_27' title="bbox 328 3126 1446 3216; baseline 0.001 -23"><span class='ocrx_word' id='word_1_220' title='bbox 328 3126 436 3194; x_wconf 75' lang='grc' dir='ltr'><em>οἴσειν</em></span> <span class='ocrx_word' id='word_1_221' title='bbox 459 3149 516 3212; x_wconf 91' lang='lat' dir='ltr'>pro</span> <span class='ocrx_word' id='word_1_222' title='bbox 539 3127 687 3213; x_wconf 73' lang='grc' dir='ltr'><em>ἐνεγκεῖν</em></span> <span class='ocrx_word' id='word_1_223' title='bbox 709 3131 847 3214; x_wconf 91' lang='lat' dir='ltr'>positum</span> <span class='ocrx_word' id='word_1_224' title='bbox 869 3151 935 3196; x_wconf 89' lang='lat' dir='ltr'>non</span> <span class='ocrx_word' id='word_1_225' title='bbox 956 3131 1108 3214; x_wconf 71' lang='lat' dir='ltr'>reperies</span> <span class='ocrx_word' id='word_1_226' title='bbox 1130 3127 1289 3216; x_wconf 77' lang='grc' dir='ltr'><em>ποιήσειν</em></span> <span class='ocrx_word' id='word_1_227' title='bbox 1305 3149 1380 3194; x_wconf 88' lang='lat' dir='ltr'>vero</span> <span class='ocrx_word' id='word_1_228' title='bbox 1395 3130 1446 3194; x_wconf 87' lang='lat' dir='ltr'>vel</span> 
     </span>
     <span class='ocr_line' id='line_1_28' title="bbox 329 3223 1446 3314; baseline 0 -24"><span class='ocrx_word' id='word_1_229' title='bbox 329 3223 471 3309; x_wconf 80' lang='grc' dir='ltr'><em>νιράξειν</em></span> <span class='ocrx_word' id='word_1_230' title='bbox 503 3227 556 3293; x_wconf 89' lang='lat' dir='ltr'>vel</span> <span class='ocrx_word' id='word_1_231' title='bbox 582 3224 778 3314; x_wconf 72' lang='grc' dir='ltr'><em>χρήσεσθαι</em></span> <span class='ocrx_word' id='word_1_232' title='bbox 800 3247 857 3310; x_wconf 91' lang='lat' dir='ltr'>pro</span> <span class='ocrx_word' id='word_1_233' title='bbox 879 3228 1005 3293; x_wconf 87' lang='lat' dir='ltr'>aoristis</span> <span class='ocrx_word' id='word_1_234' title='bbox 1027 3227 1154 3310; x_wconf 89' lang='lat' dir='ltr'>saepius</span> <span class='ocrx_word' id='word_1_235' title='bbox 1177 3238 1352 3298; x_wconf 88' lang='lat' dir='ltr'>occurrunt.</span> <span class='ocrx_word' id='word_1_236' title='bbox 1396 3227 1446 3292; x_wconf 87' lang='lat' dir='ltr'>Sic</span> 
     </span>
     <span class='ocr_line' id='line_1_29' title="bbox 328 3323 1447 3409; baseline 0 -20"><span class='ocrx_word' id='word_1_237' title='bbox 328 3323 529 3408; x_wconf 79' lang='lat' dir='ltr'>Thucydidis</span> <span class='ocrx_word' id='word_1_238' title='bbox 556 3325 656 3390; x_wconf 90' lang='lat' dir='ltr'>verba</span> <span class='ocrx_word' id='word_1_239' title='bbox 683 3326 736 3391; x_wconf 90' lang='lat' dir='ltr'>vel</span> <span class='ocrx_word' id='word_1_240' title='bbox 765 3325 799 3390; x_wconf 91' lang='lat' dir='ltr'>in</span> <span class='ocrx_word' id='word_1_241' title='bbox 827 3325 955 3409; x_wconf 90' lang='lat' dir='ltr'>optimis</span> <span class='ocrx_word' id='word_1_242' title='bbox 982 3325 1072 3390; x_wconf 80' lang='lat' dir='ltr'>libris</span> <span class='ocrx_word' id='word_1_243' title='bbox 1094 3345 1191 3388; x_wconf 90' lang='lat' dir='ltr'>manu</span> <span class='ocrx_word' id='word_1_244' title='bbox 1213 3323 1339 3408; x_wconf 88' lang='lat' dir='ltr'>scriptis</span> <span class='ocrx_word' id='word_1_245' title='bbox 1361 3325 1447 3389; x_wconf 85' lang='lat' dir='ltr'>varie</span> 
     </span>
     <span class='ocr_line' id='line_1_30' title="bbox 328 3419 1447 3507; baseline -0.002 -19"><span class='ocrx_word' id='word_1_246' title='bbox 328 3421 498 3488; x_wconf 88' lang='lat' dir='ltr'>traduntur</span> <span class='ocrx_word' id='word_1_247' title='bbox 523 3423 574 3488; x_wconf 90' lang='lat' dir='ltr'>his</span> <span class='ocrx_word' id='word_1_248' title='bbox 601 3421 695 3488; x_wconf 88' lang='lat' dir='ltr'>locis:</span> <span class='ocrx_word' id='word_1_249' title='bbox 732 3423 757 3504; x_wconf 92' lang='lat'>1,</span> <span class='ocrx_word' id='word_1_250' title='bbox 790 3427 838 3504; x_wconf 90' lang='grc'>16,</span> <span class='ocrx_word' id='word_1_251' title='bbox 868 3427 887 3485; x_wconf 90' lang='grc'>2</span> <span class='ocrx_word' id='word_1_252' title='bbox 917 3419 981 3506; x_wconf 89' lang='lat' dir='ltr'>(ed.</span> <span class='ocrx_word' id='word_1_253' title='bbox 1017 3419 1266 3507; x_wconf 83' lang='lat' dir='ltr'>Bekkerianac).</span> <span class='ocrx_word' id='word_1_254' title='bbox 1318 3426 1370 3504; x_wconf 91' lang='grc'>26,</span> <span class='ocrx_word' id='word_1_255' title='bbox 1401 3427 1447 3486; x_wconf 89' lang='grc'>14.</span> 
     </span>
     <span class='ocr_line' id='line_1_31' title="bbox 331 3519 1449 3602; baseline 0.001 -20"><span class='ocrx_word' id='word_1_256' title='bbox 331 3523 381 3599; x_wconf 77' lang='grc'>28,</span> <span class='ocrx_word' id='word_1_257' title='bbox 409 3523 456 3583; x_wconf 87' lang='grc'>12.</span> <span class='ocrx_word' id='word_1_258' title='bbox 494 3522 544 3601; x_wconf 86' lang='grc'>72,</span> <span class='ocrx_word' id='word_1_259' title='bbox 569 3524 619 3585; x_wconf 88' lang='lat'>33.</span> <span class='ocrx_word' id='word_1_260' title='bbox 655 3519 712 3600; x_wconf 85' lang='lat'>111,</span> <span class='ocrx_word' id='word_1_261' title='bbox 738 3523 787 3602; x_wconf 90' lang='grc'>66,</span> <span class='ocrx_word' id='word_1_262' title='bbox 811 3523 861 3584; x_wconf 87' lang='grc'>26.</span> <span class='ocrx_word' id='word_1_263' title='bbox 899 3519 954 3602; x_wconf 90' lang='lat' dir='ltr'>IV,</span> <span class='ocrx_word' id='word_1_264' title='bbox 978 3523 1028 3602; x_wconf 88' lang='grc'>21,</span> <span class='ocrx_word' id='word_1_265' title='bbox 1053 3523 1071 3584; x_wconf 93' lang='grc'>6</span> <span class='ocrx_word' id='word_1_266' title='bbox 1101 3520 1167 3597; x_wconf 89' lang='lat' dir='ltr'>(ubi</span> <span class='ocrx_word' id='word_1_267' title='bbox 1196 3526 1228 3585; x_wconf 90' lang='lat' dir='ltr'>ct</span> <span class='ocrx_word' id='word_1_268' title='bbox 1255 3519 1396 3584; x_wconf 85' lang='lat' dir='ltr'>futurum</span> <span class='ocrx_word' id='word_1_269' title='bbox 1419 3527 1449 3586; x_wconf 88' lang='lat' dir='ltr'>et</span> 
     </span>
     <span class='ocr_line' id='line_1_32' title="bbox 329 3617 1448 3702; baseline 0 -22"><span class='ocrx_word' id='word_1_270' title='bbox 329 3617 467 3683; x_wconf 81' lang='lat' dir='ltr'>aoristus</span> <span class='ocrx_word' id='word_1_271' title='bbox 491 3623 523 3683; x_wconf 90' lang='lat' dir='ltr'>et</span> <span class='ocrx_word' id='word_1_272' title='bbox 543 3637 697 3702; x_wconf 89' lang='lat' dir='ltr'>praesens</span> <span class='ocrx_word' id='word_1_273' title='bbox 712 3617 882 3700; x_wconf 82' lang='lat' dir='ltr'>leguntur).</span> <span class='ocrx_word' id='word_1_274' title='bbox 905 3620 955 3697; x_wconf 95' lang='grc'>24,</span> <span class='ocrx_word' id='word_1_275' title='bbox 973 3621 1023 3682; x_wconf 85' lang='grc'>27.</span> <span class='ocrx_word' id='word_1_276' title='bbox 1046 3619 1096 3700; x_wconf 85' lang='grc'>29,</span> <span class='ocrx_word' id='word_1_277' title='bbox 1114 3620 1164 3682; x_wconf 90' lang='grc'>36.</span> <span class='ocrx_word' id='word_1_278' title='bbox 1188 3624 1239 3699; x_wconf 83' lang='grc'>55,</span> <span class='ocrx_word' id='word_1_279' title='bbox 1259 3621 1307 3681; x_wconf 90' lang='grc'>13.</span> <span class='ocrx_word' id='word_1_280' title='bbox 1332 3621 1382 3699; x_wconf 89' lang='grc'>66,</span> <span class='ocrx_word' id='word_1_281' title='bbox 1402 3623 1448 3682; x_wconf 87' lang='grc'>16.</span> 
     </span>
     <span class='ocr_line' id='line_1_33' title="bbox 331 3715 1449 3798; baseline -0.001 -19"><span class='ocrx_word' id='word_1_282' title='bbox 331 3719 383 3794; x_wconf 79' lang='grc'>63,</span> <span class='ocrx_word' id='word_1_283' title='bbox 407 3717 457 3779; x_wconf 87' lang='grc'>29.</span> <span class='ocrx_word' id='word_1_284' title='bbox 483 3717 552 3795; x_wconf 87' lang='grc'>120,</span> <span class='ocrx_word' id='word_1_285' title='bbox 576 3717 605 3778; x_wconf 87' lang='grc'>2.</span> <span class='ocrx_word' id='word_1_286' title='bbox 628 3715 667 3797; x_wconf 91' lang='lat' dir='ltr'>V,</span> <span class='ocrx_word' id='word_1_287' title='bbox 690 3719 740 3797; x_wconf 89' lang='grc'>28,</span> <span class='ocrx_word' id='word_1_288' title='bbox 765 3719 794 3780; x_wconf 88' lang='grc'>3.</span> <span class='ocrx_word' id='word_1_289' title='bbox 818 3719 868 3796; x_wconf 88' lang='grc'>36,</span> <span class='ocrx_word' id='word_1_290' title='bbox 892 3718 942 3778; x_wconf 88' lang='grc'>33.</span> <span class='ocrx_word' id='word_1_291' title='bbox 966 3717 1016 3796; x_wconf 88' lang='grc'>82,</span> <span class='ocrx_word' id='word_1_292' title='bbox 1039 3718 1090 3778; x_wconf 89' lang='grc'>21.</span> <span class='ocrx_word' id='word_1_293' title='bbox 1112 3715 1166 3798; x_wconf 90' lang='lat' dir='ltr'>Vl,</span> <span class='ocrx_word' id='word_1_294' title='bbox 1190 3718 1308 3796; x_wconf 86' lang='grc'>24,19.</span> <span class='ocrx_word' id='word_1_295' title='bbox 1333 3718 1383 3796; x_wconf 88' lang='grc'>61,</span> <span class='ocrx_word' id='word_1_296' title='bbox 1399 3718 1449 3779; x_wconf 90' lang='grc'>26.</span> 
     </span>
     <span class='ocr_line' id='line_1_34' title="bbox 331 3811 1451 3894; baseline 0.002 -20"><span class='ocrx_word' id='word_1_297' title='bbox 331 3811 402 3893; x_wconf 89' lang='lat' dir='ltr'>VII,</span> <span class='ocrx_word' id='word_1_298' title='bbox 427 3817 455 3893; x_wconf 88' lang='lat'>5,</span> <span class='ocrx_word' id='word_1_299' title='bbox 485 3815 535 3876; x_wconf 90' lang='grc'>24.</span> <span class='ocrx_word' id='word_1_300' title='bbox 567 3816 614 3892; x_wconf 90' lang='grc'>11,</span> <span class='ocrx_word' id='word_1_301' title='bbox 644 3816 674 3876; x_wconf 92' lang='grc'>4.</span> <span class='ocrx_word' id='word_1_302' title='bbox 703 3812 790 3892; x_wconf 90' lang='lat' dir='ltr'>VIII,</span> <span class='ocrx_word' id='word_1_303' title='bbox 820 3817 849 3892; x_wconf 92' lang='grc'>2,</span> <span class='ocrx_word' id='word_1_304' title='bbox 882 3816 930 3877; x_wconf 88' lang='grc'>13.</span> <span class='ocrx_word' id='word_1_305' title='bbox 959 3813 1033 3878; x_wconf 89' lang='lat' dir='ltr'>Jam</span> <span class='ocrx_word' id='word_1_306' title='bbox 1061 3811 1167 3894; x_wconf 88' lang='lat' dir='ltr'>vides,</span> <span class='ocrx_word' id='word_1_307' title='bbox 1198 3832 1292 3894; x_wconf 88' lang='lat' dir='ltr'>quam</span> <span class='ocrx_word' id='word_1_308' title='bbox 1315 3812 1451 3877; x_wconf 87' lang='lat' dir='ltr'>inconsi-</span> 
     </span>
     <span class='ocr_line' id='line_1_35' title="bbox 334 3909 1450 3994; baseline -0.004 -20"><span class='ocrx_word' id='word_1_309' title='bbox 334 3909 443 3974; x_wconf 88' lang='lat' dir='ltr'>derate</span> <span class='ocrx_word' id='word_1_310' title='bbox 466 3915 497 3974; x_wconf 96' lang='grc'>61</span> <span class='ocrx_word' id='word_1_311' title='bbox 518 3909 588 3975; x_wconf 91' lang='lat' dir='ltr'>sine</span> <span class='ocrx_word' id='word_1_312' title='bbox 610 3911 677 3977; x_wconf 91' lang='lat' dir='ltr'>ullo</span> <span class='ocrx_word' id='word_1_313' title='bbox 694 3909 816 3994; x_wconf 83' lang='lat' dir='ltr'>judicio</span> <span class='ocrx_word' id='word_1_314' title='bbox 838 3910 963 3976; x_wconf 88' lang='lat' dir='ltr'>scribae</span> <span class='ocrx_word' id='word_1_315' title='bbox 985 3933 1006 3972; x_wconf 91' lang='grc' dir='ltr'><em>α</em></span> <span class='ocrx_word' id='word_1_316' title='bbox 1029 3915 1060 3974; x_wconf 83' lang='grc'>61</span> <span class='ocrx_word' id='word_1_317' title='bbox 1077 3933 1092 3973; x_wconf 84' lang='grc' dir='ltr'><strong><em>ε</em></strong></span> <span class='ocrx_word' id='word_1_318' title='bbox 1108 3909 1231 3974; x_wconf 88' lang='lat' dir='ltr'>litteras</span> <span class='ocrx_word' id='word_1_319' title='bbox 1245 3910 1450 3976; x_wconf 86' lang='lat' dir='ltr'>conturbent:</span> 
     </span>
     <span class='ocr_line' id='line_1_36' title="bbox 332 4005 1450 4090; baseline -0.002 -18"><span class='ocrx_word' id='word_1_320' title='bbox 332 4027 463 4090; x_wconf 88' lang='lat' dir='ltr'>prorsus</span> <span class='ocrx_word' id='word_1_321' title='bbox 485 4006 670 4073; x_wconf 82' lang='lat' dir='ltr'>barbarIoas</span> <span class='ocrx_word' id='word_1_322' title='bbox 684 4027 779 4074; x_wconf 90' lang='lat' dir='ltr'>voces</span> <span class='ocrx_word' id='word_1_323' title='bbox 798 4027 1037 4090; x_wconf 90' lang='lat' dir='ltr'>nonnumquam</span> <span class='ocrx_word' id='word_1_324' title='bbox 1052 4005 1251 4089; x_wconf 87' lang='lat' dir='ltr'>effinxerunt,</span> <span class='ocrx_word' id='word_1_325' title='bbox 1273 4013 1308 4070; x_wconf 92' lang='lat' dir='ltr'>ut</span> <span class='ocrx_word' id='word_1_326' title='bbox 1322 4007 1348 4086; x_wconf 90' lang='lat' dir='ltr'>l,</span> <span class='ocrx_word' id='word_1_327' title='bbox 1368 4013 1417 4090; x_wconf 89' lang='grc'>16,</span> <span class='ocrx_word' id='word_1_328' title='bbox 1434 4011 1450 4070; x_wconf 91' lang='grc'>2</span> 
     </span>
    </p>
   </div>
   <div class='ocr_carea' id='block_1_3' title="bbox 215 4101 1452 4205">
    <p class='ocr_par' dir='ltr' id='par_1_3' title="bbox 215 4101 1452 4205">
     <span class='ocr_line' id='line_1_37' title="bbox 215 4101 1452 4205; baseline 0 -36"><span class='ocrx_word' id='word_1_329' title='bbox 215 4199 218 4205; x_wconf 22' lang='grc' dir='ltr'>Ι</span> <span class='ocrx_word' id='word_1_330' title='bbox 334 4101 599 4190; x_wconf 76' lang='grc' dir='ltr'><em>ιιεραιώσᾱσθαι</em></span> <span class='ocrx_word' id='word_1_331' title='bbox 621 4102 674 4189; x_wconf 80' lang='lat' dir='ltr'>(G)</span> <span class='ocrx_word' id='word_1_332' title='bbox 697 4127 754 4190; x_wconf 88' lang='lat' dir='ltr'>pro</span> <span class='ocrx_word' id='word_1_333' title='bbox 776 4109 1024 4192; x_wconf 75' lang='grc' dir='ltr'><em>περαιωθῆναι,</em></span> <span class='ocrx_word' id='word_1_334' title='bbox 1046 4103 1100 4187; x_wconf 90' lang='lat' dir='ltr'>IV,</span> <span class='ocrx_word' id='word_1_335' title='bbox 1126 4107 1229 4182; x_wconf 80' lang='lat'><strong>120‚2</strong></span> <span class='ocrx_word' id='word_1_336' title='bbox 1252 4109 1452 4187; x_wconf 70' lang='grc' dir='ltr'><em>τρέψασθαι</em></span> 
     </span>
    </p>
   </div>
   <div class='ocr_carea' id='block_1_4' title="bbox 0 0 1547 4932">
    <p class='ocr_par' dir='ltr' id='par_1_4' title="bbox 0 0 1547 4932">
     <span class='ocr_line' id='line_1_38' title="bbox 0 0 1547 4932; baseline 0 0"><span class='ocrx_word' id='word_1_337' title='bbox 0 0 1547 4932; x_wconf 95' lang='lat' dir='ltr'> </span> 
     </span>
    </p>
   </div>
  </div>
 </body>
</html>
