3028 4928
871 417 910 480 64

326 595 384 664 ihu
406 593 573 672 eiuholen,
605 613 642 659 so
663 593 850 660 vernichteu
872 591 931 658 wir
951 591 1008 658 ihn
1031 592 1179 660 sicher“i
1222 595 1264 661 At
1284 617 1357 662 eum
1384 601 1454 661 tan-

327 703 392 762 tum
421 691 573 760 momenti
601 689 806 757 tribuendum
834 710 898 755 uon
927 689 969 756 sit
999 691 1183 776 paru'cipio,
1217 693 1338 778 quippe
1367 695 1455 778 quod

327 791 489 860 notionem
519 786 741 858 secundariam
770 789 933 857 contiueat
961 807 1065 870 neque
1093 790 1191 854 ullius
1218 791 1260 856 eit
1288 792 1452 876 ponderis,

328 891 550 974 διαφθείρειν
577 907 644 952 uon
671 885 705 951 in
730 885 825 950 futuri
853 885 924 951 loco
952 892 1001 952 est
1032 885 1190 971 positum:
1227 889 1277 954 sin
1311 889 1452 956 futurum

328 986 509 1063 desideras,
544 983 749 1070 διαφθερεῖν
778 981 950 1066 legendum
979 983 1047 1049 erit.
1091 983 1159 1052 Sed
1186 1004 1227 1051 ne
1250 985 1452 1056 desiderabis

329 1085 457 1170 quidem
479 1083 626 1161 futurum,
649 1081 704 1146 ubi
722 1081 859 1165 primum
874 1079 1121 1164 καταλαβόντες
1136 1103 1200 1148 nou
1214 1083 1259 1149 de
1279 1105 1316 1152 re
1337 1086 1451 1160 futura,

328 1183 387 1251 sed
405 1181 582 1267 praeterita
602 1179 723 1246 dictum
738 1179 916 1262 acceperis:
938 1179 1095 1258 „Barbari
1111 1185 1219 1246 autem
1234 1201 1357 1267 magua
1372 1186 1452 1250 voci-

328 1281 484 1349 teratione
506 1299 545 1345 ac
566 1277 704 1344 tumultu
723 1275 928 1359 ingruebant,
952 1277 1182 1357 existimantes,
1205 1297 1278 1346 eum
1292 1280 1409 1365 fugere
1423 1287 1451 1346 et

328 1401 350 1447 a
371 1398 415 1459 se,
438 1378 492 1462 qui
509 1377 578 1461 jam
601 1395 673 1442 euru
695 1374 833 1448 assecuti
855 1383 972 1454 essent,
995 1371 1160 1442 interfici.“

413 1476 474 1541 Hie
494 1476 607 1559 igitur,
636 1473 692 1538 ubi
712 1491 866 1556 praeseus
887 1473 921 1538 iu
943 1472 1137 1539 seutentiam
1161 1475 1281 1557 optime
1303 1476 1449 1560 quadrat,

328 1576 410 1644 nihil
432 1593 513 1658 opus
536 1577 585 1638 est
605 1569 805 1653 conjectum
828 1571 916 1647 VIII,
934 1573 1020 1648 75,2
1042 1589 1118 1636 vero
1135 1591 1207 1636 cum
1229 1579 1304 1656 post
1318 1583 1451 1657 quatuor

328 1675 434 1742 futura
450 1665 775 1757 δημοκρατήσεσθαι
796 1703 838 1714 -
862 1663 1063 1754 ὁμονοήσειν
1084 1703 1128 1714 --
1150 1667 1357 1736 διοίσειν-
1382 1671 1450 1738 ἕσε·

330 1777 416 1839 σθαι
437 1787 498 1835 nec
520 1768 650 1853 opinato
672 1785 826 1850 praesens
849 1762 1161 1852 ἐπικηρυκεύεσθαι
1181 1767 1379 1847 inveniatur,
1403 1789 1450 1835 ae·
1495 1765 1497 1848 I

329 1867 510 1955 eipicndum
539 1863 665 1943 estid,
698 1863 784 1947 quod
805 1862 957 1930 Reiskius
985 1869 1018 1930 et
1040 1861 1179 1931 Cobetus
1207 1873 1449 1950 proposuerunt.
1495 1865 1496 1920 Ῑ

264 2030 266 2040 ,
329 1965 531 2036 scribendum
554 1961 675 2028 scilicet
693 1959 1037 2048 ἐπικηρυκεύσασθαι.
1068 1961 1237 2043 Equidem,
1260 1965 1449 2050 examinatis
1495 1959 1497 2056 i

330 2073 362 2133 ct
382 2062 549 2150 perpensis
570 2059 678 2126 verbis
699 2057 915 2143 Thucydidis,
945 2059 1025 2124 nihil
1053 2057 1179 2136 inveni,
1209 2081 1271 2143 quo
1298 2081 1448 2145 praesens
1495 2069 1497 2094 ⁵

329 2179 526 2231 excusarem.
570 2157 699 2224 Etenim
728 2157 756 2223 si
783 2175 840 2240 pro
870 2152 969 2222 οὐδέν
998 2154 1116 2222 dietum
1145 2166 1230 2224 esset
1257 2157 1379 2245 μηδέν,
1411 2162 1448 2225 sic

330 2281 396 2328 rem
426 2258 613 2344 expedires,
648 2263 684 2322 ut
717 2261 874 2320 statueres
903 2273 944 2320 ex
972 2250 1135 2336 ὥρκωσαν
1169 2256 1354 2340 decerptam
1387 2277 1448 2324 esse

329 2359 492 2426 notionem
513 2353 694 2439 imperandi
716 2353 768 2418 vel
792 2351 894 2418 officio
915 2351 1098 2436 obligandi:
1122 2371 1226 2431 „neve
1243 2354 1370 2437 aliquid
1385 2377 1446 2422 curn

293 2512 298 2527 .
329 2457 395 2524 illis
417 2456 653 2538 transiger·ent“
707 2451 757 2525 (ci.
775 2451 812 2528 V,
836 2455 886 2529 45,
911 2453 940 2514 2.
964 2449 1018 2528 VI,
1037 2454 1088 2528 52,
1111 2454 1140 2530 2,
1163 2453 1230 2518 alia
1251 2453 1375 2536 passim
1398 2453 1447 2520 sub

329 2554 461 2619 vocibus
484 2551 689 2632 emendorum,
724 2547 888 2632 ξύγκειται
896 2583 909 2624 ,-
935 2549 1104 2636 §crepant
1126 2546 1235 2628 εἰσιν).
1278 2551 1367 2620 Num
1389 2571 1448 2618 sae·

330 2650 461 2737 pissime
489 2647 576 2733 apud
604 2645 827 2730 Thucydidem
862 2644 962 2710 verba
996 2643 1125 2712 dicendi
1157 2647 1389 2732 cogitandique
1420 2649 1447 2714 in

329 2749 498 2815 notionem
521 2743 712 2826 voluntatis,
746 2742 886 2820 consilii,
922 2743 1109 2810 cohortandi
1137 2750 1321 2824 transeunt,
1356 2747 1447 2814 verba

332 2843 542 2922 voluntativa,
566 2842 713 2909 derivata
727 2835 967 2924 significatione,
990 2841 1135 2924 proxime
1151 2841 1309 2908 accedunt
1327 2844 1373 2910 ad
1389 2844 1446 2918 illa,

330 2942 415 3027 quod
430 2941 551 3027 optime
573 2939 689 3006 docent
711 2939 877 3022 exempla:
899 2936 923 3014 1,
940 2940 1025 3014 26,3
1048 2935 1446 3023 πρυεῑπονἙπιδαμνίαν

330 3065 366 3108 τε
389 3039 446 3105 τὸν
468 3037 675 3124 βουλόμενον
698 3034 855 3113 καὶτοὺς
878 3038 993 3116 ξένους
1015 3031 1168 3114 ἀπαθεῖς
1189 3034 1341 3118 ἀπιέναι,
1365 3038 1397 3106 εἰ
1417 3038 1445 3104 δὲ

331 3137 388 3226 μὴ,
411 3135 457 3216 ὡς
479 3137 658 3218 πολεμίοις
678 3134 880 3222 χρήσεσθαι.
917 3133 1005 3212 VIII,
1025 3137 1075 3212 93,
1099 3137 1118 3198 2
1140 3134 1295 3218 λέγοντες
1317 3137 1397 3215 τούς
1416 3159 1445 3202 ιι

330 3275 373 3285 -
394 3239 632 3321 τετρακοσίους
654 3233 810 3312 ἕσασθαι,
833 3237 917 3309 τέως
935 3230 1049 3312 δὲτὴν
1071 3229 1171 3296 πόλιν
1193 3231 1316 3319 μηδενὶ
1339 3234 1445 3320 τρόπῳ

333 3336 551 3420 διαφθείρειν
581 3329 663 3420 μηδ’
688 3331 723 3409 ἐς
751 3330 830 3408 τοδς
852 3331 1036 3411 πολεμίους
1060 3325 1205 3408 ἀνῶσαι,
1242 3351 1326 3419 quae
1357 3333 1445 3398 verbe

331 3431 469 3498 Hessius
486 3431 568 3498 false
589 3433 818 3514 interpretetus
846 3434 910 3506 est,
937 3433 1023 3492 recte
1045 3425 1269 3496 Heilmauuus,
1310 3430 1380 3497 Sed
1400 3429 1445 3495 illo

331 3531 416 3607 loco,
450 3547 543 3612 quem
565 3549 652 3594 nunc
679 3535 869 3605 tractamus,
903 3525 1072 3610 quominus
1100 3523 1185 3592 hauc
1206 3527 1444 3610 eupiicationcn

332 3645 516 3709 sequamur,
551 3626 685 3709 impedit
714 3623 812 3692 σδδεν
838 3627 978 3708 negatio.
1023 3615 1102 3704 Quis
1129 3631 1235 3692 autem
1258 3624 1445 3700 Floeckio¹²t

333 3729 418 3808 (pag.
437 3727 485 3802 15)
508 3723 627 3802 credat,
650 3724 836 3808 scriptorem
852 3724 1096 3805 constructione,
1115 3741 1198 3805 quae
1213 3721 1321 3789 uerbis
1346 3725 1445 3789 voluu-

333 3877 534 3888 -———--—

333 4033 350 4088 b
404 3951 850 4086 ¹²){iir2servatiouesThucydideee
868 3955 1065 4022 grammatices.
1094 3951 1255 4010 Dissertatio
1273 3951 1367 4023 inaug.
1381 3953 1445 4008 Mar·

352 4034 441 4103 urgit
498 4073 503 4085 .
