3050 4932
863 439 902 504 38

323 619 419 701 vulgo
438 637 508 690 cum
521 619 689 702 participio
701 617 904 701 conjungitur
919 623 983 699 aui,
1003 624 1037 682 ut
1051 635 1290 698 nonnumquam
1305 615 1340 680 lit
1354 617 1448 700 apud

323 705 609 800 uuuoyoioem'h,
633 719 683 798 cs,
708 721 737 782 3.
761 719 811 792 vo,
827 721 856 782 n.
880 721 930 796 ev,
954 720 984 779 4.
1011 720 1080 798 118,
1105 715 1197 795 3.11,
1223 717 1273 796 m,
1290 719 1319 779 4.
1343 719 1396 797 os,
1414 719 1445 779 e.

322 814 380 895 ΙΙΙ,
404 817 455 878 48.
478 813 516 895 V,
541 816 590 894 82,
615 817 644 878 3.
667 815 720 897 VI,
738 818 786 890 18,
803 813 847 899 8),
871 814 1087 880 accusativum
1109 833 1135 877 ο.
1158 811 1213 876 inl.
1235 811 1367 896 recipil3
1394 814 1446 878 sin

321 918 429 977 autem
457 910 619 977 statuendi
641 912 705 976 vim
734 912 891 993 continet,
915 911 1092 995 simplicem
1112 908 1305 974 infinitivum
1327 912 1445 993 poscit.

323 1008 505 1074 Consimilis
528 1015 576 1073 est
597 1010 678 1074 ratio
703 1009 902 1091 διανοοῦμαι
923 1009 1023 1090 verbi,
1047 1007 1132 1090 qnod
1154 1025 1266 1072 evoco
1281 1007 1446 1073 sentiendi

321 1111 406 1171 νοέω
436 1107 574 1170 natum⁹r
605 1106 741 1190 primum
770 1106 933 1189 cogitandi
954 1107 1019 1170 vim
1041 1105 1180 1188 acecpit,
1210 1111 1276 1168 tum
1298 1103 1342 1168 ad
1364 1106 1447 1170 noti-

322 1223 416 1269 onem
448 1203 573 1270 consilii
593 1203 741 1288 capiendi
763 1205 867 1286 vergit
889 1202 942 1288 (cf.
966 1203 1059 1269 Hom.
1082 1207 1111 1267 E
1132 1206 1194 1266 665
1218 1200 1333 1284 τὸμὲν
1350 1200 1445 1280 oiim

321 1294 536 1386 ἐπεφράσατ’
567 1297 642 1366 οὐδ’
674 1299 812 1387 ἐνόησεν
832 1301 837 1384 1
855 1308 964 1394 μηροῦ
993 1297 1148 1382 ἐξερύσαι
1178 1297 1258 1384 δόρυ
1281 1300 1445 1383 μείλινον,

322 1400 441 1483 passim
471 1419 541 1464 cum
570 1397 751 1483 infinitivo).
797 1396 925 1482 Optime
952 1399 1048 1481 igitur
1076 1419 1146 1462 cum
1169 1405 1278 1463 nostro
1301 1397 1444 1478 denken,

323 1498 423 1562 latino
446 1497 587 1578 cogitare
608 1497 743 1562 conierri
765 1503 879 1580 potest.
915 1495 1036 1575 Quodsi
1059 1495 1259 1577 διανοοῦμαι
1281 1495 1444 1579 duplicem

322 1595 385 1658 vim
407 1594 523 1675 habet,
552 1614 616 1658 non
639 1600 688 1660 est
711 1593 840 1670 mirum,
864 1593 949 1677 quod
971 1592 1066 1658 modo
1088 1613 1159 1658 cum
1182 1593 1319 1676 simplici
1340 1593 1445 1658 infini-

320 1692 387 1756 tivo
420 1691 638 1776 conjungitur,
672 1691 767 1756 modo
801 1692 892 1758 sicuti
924 1691 1024 1757 verba
1055 1690 1192 1775 putandi
1224 1692 1444 1756 accusativum

320 1809 346 1853 c.
369 1787 426 1852 ini.
449 1788 570 1872 recipit.
608 1789 698 1868 Quae
720 1809 791 1854 cum
811 1789 858 1854 ita
880 1789 952 1872 sint,
975 1788 1150 1855 infinitivus
1171 1788 1267 1853 futuri
1290 1790 1442 1871 sequitur,

320 1886 444 1968 quoties
473 1886 604 1952 verbum
628 1887 844 1952 διανοεῖσθαι
875 1886 1138 1970 significationem
1161 1885 1339 1968 cogitandi,
1370 1907 1442 1952 cum

320 1983 427 2048 animo
455 1984 626 2066 reputandi
657 1986 813 2067 continet3
843 1982 901 2050 sed
931 1984 1027 2049 etiam
1055 1990 1120 2047 tum
1149 1983 1346 2068 propositum
1368 2005 1444 2050 oon·

319 2080 488 2162 siliumque
514 2079 658 2148 indicare
685 2089 799 2165 potest.
845 2081 927 2146 Nam
950 2101 1001 2147 res
1024 2089 1072 2147 est
1094 2081 1276 2162 notissima,
1299 2081 1334 2145 id
1356 2083 1444 2164 quod

319 2178 352 2242 in
376 2177 509 2242 oonsilio
531 2178 667 2262 alicujus
689 2179 828 2262 positum
852 2179 901 2260 sit,
925 2186 959 2244 ut
981 2199 1047 2245 rem
1070 2179 1207 2244 futuram
1222 2179 1356 2261 narrari,
1379 2199 1442 2262 quo

319 2275 370 2358 fit,
394 2283 429 2340 ut
450 2296 509 2341 nos
531 2295 603 2358 pro:
632 2277 683 2342 ioh
712 2277 862 2360 gedenhe
892 2277 927 2341 in
956 2277 1019 2344 den
1041 2277 1156 2342 Ferien
1186 2278 1258 2342 eine
1280 2277 1376 2342 Reise
1404 2299 1443 2342 zu

319 2375 465 2454 macheu,
490 2374 648 2440 dicamus:
671 2376 723 2440 ich
747 2375 863 2457 danice,
886 2375 937 2440 ich
960 2373 1067 2440 vverde
1088 2375 1123 2439 in
1145 2375 1208 2440 den
1231 2373 1346 2440 Ferien
1370 2375 1443 2450 eine

320 2470 415 2535 Reise
431 2472 577 2554 machen‚
600 2473 708 2537 Latini
723 2492 797 2555 pro:
820 2473 969 2551 „decrevi
984 2471 1160 2556 proficisci“
1176 2473 1237 2537 hoo
1252 2473 1442 2538 enuntiandi

319 2566 415 2631 modo
437 2575 580 2632 utantur:
610 2571 766 2649 „arbitror
784 2590 845 2640 ¹me
872 2569 1084 2653 proiecturum
1107 2570 1211 2636 esse.“
1250 2570 1325 2636 Pari
1346 2571 1442 2636 modo

319 2663 527 2748 Thucydides
555 2665 624 2741 Vll,
648 2671 698 2748 56,
725 2672 752 2748 1,
781 2686 852 2731 cum
881 2666 1043 2750 scripserit
1072 2665 1263 2732 διενοοῦντο
1293 2666 1441 2754 κλῄσειν,

320 2761 411 2844 quasi
438 2760 577 2843 cogitata
599 2761 871 2846 Syracusanorum
900 2770 976 2830 ante
1003 2769 1142 2830 mentem
1163 2763 1257 2830 nohis
1279 2767 1384 2848 ponit,
1408 2766 1443 2831 id

320 2858 404 2942 quod
432 2879 491 2924 nos
513 2859 599 2924 huno
620 2859 687 2926 iere
708 2860 742 2924 in
765 2862 893 2926 modum
916 2861 1042 2943 assequi
1064 2881 1248 2945 possumus:
1282 2863 1444 2930 Anderer·

321 2958 397 3022 seits
429 2958 584 3022 kreuzten
616 2960 775 3024 nonmehr
806 2959 859 3024 die
887 2959 1111 3044 Syrahusaner
1140 2959 1223 3024 ohne
1251 2960 1370 3026 Hurcht
1396 2962 1444 3026 im

320 3055 425 3120 Halon
449 3055 559 3120 herum
582 3055 647 3119 und
670 3056 807 3122 dachten
829 3057 860 3120 in
884 3056 986 3121 ihrem
1002 3055 1097 3122 Sion:
1119 3057 1209 3137 „Wir
1225 3057 1356 3124 werden
1377 3058 1443 3124 den

321 3151 426 3218 Halon
449 3153 612 3236 sperren.“
640 3153 730 3232 Quae
751 3153 848 3218 futuri
870 3152 1056 3237 significatio
1074 3153 1144 3238 jam
1167 3148 1366 3222 manifestius
1388 3177 1443 3222 ex-

321 3268 433 3332 pressa
455 3257 503 3314 est
525 3251 579 3332 IV,
605 3254 653 3322 52,
678 3255 696 3316 3
721 3254 775 3316 καὶ
802 3239 839 3336 ἦν
862 3249 971 3316 αὐτῶν
995 3247 1013 3336 ἡ
1040 3249 1174 3316 διάνοια
1196 3250 1256 3328 τάς
1278 3277 1314 3318 τε
1339 3251 1443 3332 άλλας

321 3345 440 3422 πόλεις
460 3382 503 3392 -
526 3346 744 3434 ἐλευθεροῦν,
768 3385 811 3394 -
833 3350 889 3413 καὶ
910 3355 952 3434 τῇ
981 3343 1061 3434 ἄλλῃ
1087 3357 1286 3437 παρασκευῇ
1316 3351 1442 3438 ῥᾳδίως

321 3441 386 3507 ἀπ’
411 3439 514 3530 αὐτῆς
537 3441 728 3530 ὁρμώμενοι
755 3445 815 3532 τήν
838 3471 873 3511 το
897 3451 1038 3528 Λέσβον
1061 3443 1157 3530 ἐγγὺς
1181 3437 1285 3512 οὖσαν
1307 3448 1442 3514 κακώ-

323 3562 366 3605 σο
377 3565 413 3605 ιν
430 3541 486 3605 καὶ
509 3541 549 3604 τά
566 3541 601 3608 ἐν
617 3550 658 3630 νῆ
676 3539 805 3642 {ostorp
821 3541 971 3608 Αἰσλικά
987 3542 1178 3624 πολίσματα
1192 3543 1442 3629 χειρώσασθαι.

321 3637 469 3720 Haasius,
494 3641 547 3721 qui
569 3639 649 3706 illud
673 3643 712 3728 ἠν
735 3641 843 3706 αὐτῶν
867 3636 886 3728 ἡ
913 3638 1045 3705 διάνοια
1067 3641 1258 3706 adverbum
1282 3645 1440 3728 expressit

321 3789 524 3800 ———-.

391 3883 411 3946 9)
430 3881 501 3936 Satis
523 3888 643 3948 constat,
674 3885 742 3938 νοέω
768 3883 840 3952 apud
862 3883 1009 3939 Homerum
1031 3883 1119 3938 valere
1142 3885 1212 3939 idern
1235 3885 1307 3954 quod
1330 3886 1440 3950 sentire,

322 3963 444 4018 sensibus
461 3965 610 4032 percipere,
628 3972 657 4018 ut
670 3971 691 4016 0
703 3970 760 4020 422.
779 3971 805 4016 ΙΙ
819 3969 876 4018 294.
895 3970 917 4016 Γ
931 3970 980 4018 3ῑ4
997 3962 1041 4024 ὀξὺ
1053 3961 1143 4029 νόησε,
1163 3966 1271 4035 passim.
1282 3965 1316 4021 cf.
1327 3967 1440 4022 Classen

324 4043 551 4111 Beobachtungen
568 4046 634 4100 dher
652 4045 703 4100 den
720 4047 821 4102 homer.
839 4045 1079 4116 Sprach'gebrauch
1097 4045 1142 4112 lV,
1160 4062 1220 4115 pag.
1243 4053 1279 4100 ll.
